3952 6188
223 228 280 287 in
687 226 864 289 nononn
886 229 931 291 111
952 230 1101 292 ornei.
1118 259 1156 274 -
1172 228 1405 293 sinuosus.
1818 236 1876 299 ne

128 424 130 427 -
225 401 303 447 num
318 386 369 448 est
383 384 521 448 mulitia.
543 382 637 449 Unde
651 386 754 449 David
773 408 781 448 ε
798 390 862 456 dul
875 393 1022 464 epaun-
1077 389 1233 467 quoniam
1257 391 1374 468 potens
1399 389 1460 463 est,
1485 391 1519 454 et
1542 391 1594 455 est
1616 391 1674 471 gui
1698 392 1876 458 condietur

224 486 284 545 tur
298 499 420 559 pacem
434 499 513 547 cum
522 489 688 562 moninio
705 500 779 559 suo,
794 492 888 549 mla
905 489 1022 551 mem
1077 487 1217 549 Domino
1235 487 1391 566 quonlam
1412 486 1477 549 sibi
1497 487 1603 550 honus
1622 491 1686 563 est,
1702 492 1740 552 et
1755 492 1808 554 est
1820 495 1875 571 pul

220 583 304 646 sunt
318 585 522 646 inconditus
532 597 654 647 eorum
664 582 734 665 (Ps.
747 587 797 657 27,
809 584 856 665 3).
868 585 1024 648 intellec·
1077 585 1253 647 confltetur
1265 586 1415 658 Domino,
1430 586 1587 664 quonum
1601 588 1806 666 simpliciter
1817 590 1876 652 ho-

221 681 276 743 tus
297 680 488 742 dividitura
502 680 684 756 uoluntate,
702 681 834 762 quando
851 682 949 745 homo
969 682 1024 744 in-
1076 698 1140 744 nus
1159 684 1219 744 est.
1240 683 1371 746 Primus
1392 698 1510 746 servus
1533 686 1567 747 et
1588 685 1684 748 timet
1704 686 1795 762 sibi3
1819 705 1875 751 se-

221 779 342 855 telligit
353 778 475 840 bonum
488 779 574 858 quod
587 779 684 842 dehet
695 779 815 852 iacere,
830 782 862 842 ei
875 780 1023 843 nonnuli
1077 781 1203 843 cundus
1213 780 1439 843 mercenarius
1448 782 1482 843 et
1491 781 1583 860 cupit
1597 782 1680 859 silii3
1691 784 1815 846 tertius
1827 787 1877 847 Fi-

220 878 302 941 illud
314 876 463 955 implere.
474 876 719 940 UndeJacobus
730 878 1019 957 :Sctcnitbonum,
1076 879 1142 941 llus
1162 880 1196 941 et
1209 877 1314 941 desert
1328 878 1431 941 Patri.
1448 879 1574 958 ltaque,
1590 880 1624 941 et
1642 881 1700 959 qui
1718 882 1830 956 timet,
1844 888 1875 947 et

220 976 255 1040 et
265 990 333 1038 nou
342 976 494 1049 saciemt,
501 973 889 1054 peccatumestitltfflac.
900 991 944 1048 rv,
955 974 1019 1055 17).
1076 976 1132 1055 qul
1147 976 1248 1054 cupit,
1260 978 1398 1054 uterque
1409 991 1470 1054 pro
1484 991 1521 1038 se
1532 978 1651 1054 agunt3
1663 979 1739 1041 sola
1751 997 1829 1058 quae
1841 982 1873 1043 in

219 1074 261 1136 m
280 1072 440 1135 Dominus
464 1070 498 1133 in
522 1072 702 1149 Evangelio
725 1094 733 1133 ι
757 1075 889 1137 Servus
909 1076 1022 1137 sciens
1075 1074 1161 1136 Filio
1174 1076 1227 1136 est
1237 1073 1385 1136 charitas
1399 1089 1466 1136 non
1481 1074 1688 1154 quaerltquae
1705 1093 1772 1138 sua
1789 1081 1871 1140 sunt

220 1170 431 1233 uoluntatem
444 1171 585 1233 Domini
596 1173 664 1243 sui,
680 1171 714 1234 ct
730 1185 799 1233 non
812 1173 945 1246 sedens
958 1186 1022 1234 eu·
1074 1171 1293 1245 Quamobrem
1316 1172 1396 1250 puto
1422 1172 1464 1234 de
1488 1171 1547 1233 illa
1573 1172 1756 1236 dicendum
1776 1197 1785 1235 ε
1805 1179 1874 1239 deu

218 1268 395 1346 putabitur
407 1267 525 1329 meatu
539 1264 634 1347 (Luc,
651 1283 712 1340 xn,
729 1270 793 1345 47).
1073 1272 1214 1333 Domini
1240 1269 1462 1332 immundata
1486 1272 1694 1334 wedericus
1718 1276 1874 1337 anunm

261 1364 418 1444 sequntur
438 1368 513 1426 eDe
534 1366 682 1428 victorio
700 1367 804 1441 fortis
820 1366 962 1440 amnuit,
978 1364 1019 1429 de
1074 1364 1144 1447 (Ps.
1161 1368 1211 1442 18,
1229 1365 1276 1445 8),
1289 1367 1376 1446 quod
1400 1367 1483 1440 sola,
1501 1367 1669 1441 videlicet,
1684 1370 1730 1433 sit
1746 1385 1820 1448 qun
1832 1371 1873 1433 ai

220 1480 285 1543 qua
303 1462 384 1524 dicii
397 1461 558 1525 Dominus
577 1462 613 1524 ln
637 1463 700 1525 hoc
714 1463 894 1541 Evangelio
912 1466 1020 1528 :dum
1073 1481 1187 1528 amore
1201 1466 1255 1527 sui
1267 1466 1300 1528 et
1311 1463 1426 1527 mundi
1438 1467 1590 1529 avertere
1602 1467 1712 1545 possit
1726 1469 1871 1531 animuin

218 1562 322 1637 surita
344 1560 505 1623 cunutus
525 1561 673 1624 custodit
694 1561 828 1624 uinum
846 1576 961 1632 mum,
981 1564 1019 1624 in
1073 1563 1154 1626 etin
1168 1564 1344 1626 Dominum
1364 1562 1606 1640 dirigerenec
1619 1564 1725 1627 timor
1738 1566 1867 1644 quippe,

216 1672 304 1735 poce
323 1658 407 1719 mut
426 1660 544 1719 omnio
564 1674 642 1734 goe
654 1660 808 1733 possidet
816 1677 829 1732 ,·
849 1662 882 1723 si
901 1660 1018 1723 autem
1072 1660 1392 1739 necamorprivatus
1402 1660 1871 1727 conuertitanimam.llutant

220 1756 349 1830 sortior
359 1757 415 1817 illo
428 1758 677 1829 superveniens
690 1757 813 1819 vicerit
827 1772 916 1829 eum,
933 1761 1017 1819 uni·
1071 1758 1237 1821 interdum
1250 1759 1378 1821 vultum
1393 1758 1446 1821 vel
1460 1759 1583 1833 actum,
1596 1759 1760 1822 affectum
1781 1778 1867 1822 nnn·

219 1865 325 1913 versa
338 1864 441 1911 amna
455 1851 679 1925 ejusuuferet
692 1853 730 1912 ln
744 1854 1019 1927 quidiuconttde·
1071 1873 1180 1935 quam.
1210 1857 1304 1919 Facit
1342 1855 1443 1918 etiam
1475 1871 1593 1918 servus
1630 1872 1868 1937 nonnunquam

219 1946 286 2020 dot,
296 1948 330 2009 et
339 1950 447 2023 spolio
457 1949 533 2019 ejus
542 1948 724 2011 distribuet
732 1945 1014 2029 (Luc.11,21‚22).
1070 1968 1154 2030 opus
1166 1953 1237 2026 Dei,
1249 1951 1318 2024 sed,
1330 1952 1409 2029 quia
1422 1966 1489 2013 non
1499 1953 1627 2029 sponte,
1639 1953 1675 2014 in
1690 1970 1755 2015 sua
1766 1955 1869 2017 adhuc

218 2045 327 2107 Fortis
342 2044 488 2105 armatus
504 2044 554 2106 esi
565 2044 729 2107 diabolus.
743 2047 871 2118 Fortis,
888 2046 966 2124 quia
980 2047 1015 2109 in
1070 2048 1194 2111 duritia
1226 2064 1422 2127 permanere
1457 2050 1675 2111 convincitur.
1713 2052 1812 2113 Facit
1840 2055 1870 2115 et

218 2142 371 2205 omnibus
392 2141 593 2215 civitatibus,
610 2144 768 2213 castellis,
783 2143 884 2216 uillis,
908 2145 940 2206 et
960 2158 1017 2206 re-
1070 2145 1307 2218 mercenurius‚
1324 2146 1381 2208 sed
1406 2145 1575 2223 quianon
1600 2148 1720 2222 gratis,
1736 2149 1870 2226 propria

218 2239 384 2317 gionibus,
401 2255 441 2302 ac
462 2237 502 2302 de
521 2238 674 2302 omnibus
692 2240 817 2316 linguis
836 2240 936 2303 hahet
959 2257 1015 2303 se-
1068 2243 1159 2306 truhi
1195 2242 1376 2322 cupiditate
1412 2244 1635 2319 cognoscitur.
1672 2244 1726 2306 Sit
1762 2246 1869 2323 itaque

218 2354 340 2416 quaces
355 2354 444 2410 suos,
462 2337 494 2399 et
508 2338 685 2415 complices
701 2354 790 2413 suos,
814 2339 869 2417 qui
889 2337 1016 2401 iaciunt
1069 2356 1166 2403 servo
1179 2356 1239 2402 sua
1254 2340 1320 2413 lex,
1335 2339 1436 2402 timor
1447 2340 1519 2418 ipse
1531 2355 1596 2418 quo
1608 2342 1867 2418 constringitur;

218 2451 319 2513 opera
334 2438 417 2514 ejus.
434 2434 490 2496 Est
511 2436 680 2508 aruncius,
698 2437 775 2514 quia
799 2439 927 2515 pugnat
940 2454 1015 2500 cum
1069 2437 1113 2499 sit
1133 2437 1340 2500 mercenario
1364 2453 1425 2498 sua
1449 2437 1624 2513 cupiditas,
1648 2454 1718 2515 qua
1740 2440 1776 2501 et
1798 2440 1868 2516 ipse

213 2533 330 2596 multis
345 2533 465 2610 armis;
489 2549 563 2595 cum
588 2533 754 2610 superbla,
768 2534 933 2607 uidelicet,
950 2535 1012 2608 ira,
1067 2533 1225 2607 trahitur,
1233 2533 1364 2612 quando
1378 2534 1525 2596 tentatur
1532 2532 1722 2597 abstractus
1734 2537 1770 2598 et
1785 2536 1871 2598 illeo-

217 2630 305 2702 odio,
326 2630 464 2702 invidia,
484 2630 636 2704 avaritia,
654 2631 933 2710 concupiscentia,
951 2648 1013 2694 cu·
1067 2632 1357 2694 tusllarumvero
1368 2631 1460 2693 nulla
1475 2631 1549 2693 sine
1562 2632 1696 2694 macula
1708 2634 1773 2705 est,
1784 2634 1867 2695 haud

217 2725 367 2805 piditate,
383 2726 500 2789 fraude
525 2728 650 2800 dolosa,
665 2729 698 2791 et
714 2729 792 2791 allis
809 2729 933 2792 multis.
949 2731 1014 2793 Iste
1068 2730 1199 2792 animas
1230 2729 1424 2792 convertere
1455 2730 1573 2807 potest
1605 2729 1766 2793 (inemtas
1791 2747 1868 2794 vero

208 2821 426 2885 'custodiebat
447 2823 569 2885 atrium
593 2840 705 2896 suum,
730 2826 833 2899 idest,
855 2826 1014 2888 mundum
1068 2827 1232 2891 convertit
1245 2827 1385 2900 animas,
1402 2842 1484 2904 quas
1499 2825 1579 2889 iacit
1592 2829 1626 2888 et
1640 2828 1867 2891 voluntarias.

209 2920 328 2993 istum,
345 2920 401 2982 sed
421 2919 541 2983 fortior
559 2921 761 2999 supervenit,
780 2922 813 2985 et
828 2923 910 2985 ricit
924 2940 1011 2997 eum,
1068 2925 1221 2987 Charitas
1255 2940 1322 2987 non
1357 2924 1465 2986 solum
1499 2924 1618 2986 leviter
1653 2926 1869 3004 suauiterque

206 3017 312 3091 'idest
330 3017 491 3081 Christus.
507 3019 571 3081 Iste
588 3020 661 3081 erat
677 3021 774 3082 lesus
787 3020 931 3101 ejiciens
944 3021 1015 3085 dae-
1067 3022 1228 3100 portatur,
1241 3021 1299 3084 sed
1310 3023 1525 3084 etservorum
1536 3023 1571 3082 et
1581 3024 1868 3085 mercenariorum

215 3116 376 3189 monium,
393 3118 427 3178 et
440 3114 522 3178 illud
538 3117 609 3179 erat
623 3116 760 3180 mutum.
1067 3119 1158 3197 leges
1172 3119 1352 3197 portabiles
1362 3135 1401 3181 ac
1414 3118 1506 3181 lenes
1520 3118 1641 3192 reddit,
1655 3135 1739 3197 quas
1752 3120 1868 3199 utique
1966 3148 1967 3159 κ

255 3215 375 3276 Tribus
393 3214 500 3276 modis
519 3214 599 3277 facit
612 3214 741 3278 daemon
756 3214 925 3278 hominem
938 3231 1012 3280 esse
1061 3232 1133 3278 non
1157 3215 1308 3288 destruit,
1333 3216 1390 3278 sed
1413 3215 1494 3278 iacit
1513 3218 1551 3280 ut
1570 3215 1790 3294 impleantur,
1813 3218 1870 3279 di·

215 3313 354 3382 mutum,
380 3312 546 3386 videlicet,
574 3328 594 3374 a
626 3313 837 3377 consessione
871 3315 1010 3392 peccati,
1065 3315 1162 3376 cente
1185 3313 1324 3376 Domino
1347 3332 1356 3375 ε
1380 3316 1459 3376 Nou
1483 3316 1699 3389 coniugem
1723 3320 1867 3386 sulm

206 3411 295 3472 *iacit
304 3410 472 3473 hominem
485 3426 559 3474 esse
569 3410 707 3485 mutum,
717 3413 849 3490 quando
859 3412 1012 3476 diabolus
1065 3414 1126 3474 sed
1136 3414 1324 3487 adimplere
1336 3408 1467 3491 (naun.
1484 3426 1517 3482 r,
1530 3409 1791 3490 wiltunnensi
1804 3412 1869 3474 erit

215 3509 364 3585 suggerit
377 3507 556 3587 peccatori,
568 3523 611 3571 ne
621 3508 818 3572 confiteatur
827 3510 1010 3588 peccatum,
1066 3507 1212 3572 charius
1237 3508 1311 3570 sine
1330 3508 1462 3581 timore,
1479 3507 1537 3570 sed
1557 3509 1675 3584 cast03
1696 3525 1868 3587 nunquam

215 3607 294 3683 quia
315 3607 410 3684 turpe
432 3608 483 3668 est
501 3606 612 3668 omnia
635 3606 765 3670 secreta
786 3608 936 3671 revelare
951 3625 1010 3671 sa·
1065 3606 1139 3668 sine
1153 3605 1344 3684 cupiditate,
1359 3604 1417 3667 sed
1431 3604 1597 3668 ordinata.
1613 3606 1714 3668 Illum
1735 3609 1867 3684 tempe-

215 3702 353 3774 cerdoti,
374 3703 407 3764 et
427 3705 505 3781 quia
520 3706 608 3765 Dens
629 3703 703 3780 pius
722 3705 783 3777 est,
807 3705 880 3767 sine
898 3706 1011 3785 aliqua
1064 3702 1128 3776 rat,
1141 3702 1399 3776 istumordinat,
1414 3703 1590 3782 utrumque
1602 3703 1737 3779 levigat
1746 3705 1869 3781 Implet

204 3786 1010 3879 'consessionedeiacilipotestsihiindulgentiam
1065 3816 1146 3878 ergo
1171 3798 1319 3864 charites
1345 3799 1454 3877 legem
1482 3801 1585 3874 servi,
1615 3817 1688 3862 cnm
1714 3799 1869 3863 infundit

215 3897 307 3969 dare,
324 3895 505 3958 secundum
521 3896 608 3974 quod
622 3895 745 3957 dicitur
756 3897 791 3959 in
804 3899 1009 3976 Evangelio:
1065 3896 1275 3961 devotionem
1291 3918 1300 3973 ;
1329 3896 1445 3981 implet
1478 3897 1511 3960 et
1541 3897 1759 3970 mercenarii,
1788 3913 1868 3960 cun

213 3998 309 4057 Beue
323 3996 440 4056 omnio
459 3994 551 4069 lecit,
572 3992 607 4056 et
628 3994 754 4056 medos
770 3992 853 4069 fecit
874 3999 1008 4072 audire,
1065 3995 1198 4058 ordinat
1209 3994 1435 4072 cupiditatem.
1450 3997 1555 4057 Porro
1572 3996 1686 4058 timori
1700 3997 1867 4073 permixu

214 4093 249 4155 et
267 4093 382 4154 mutos
404 4093 495 4166 lopid
516 4087 634 4170 (ldarc.
658 4105 719 4164 vn,
740 4089 807 4170 37).
831 4092 895 4156 Sed
917 4094 1010 4157 surdi
1065 4091 1197 4156 deuotio
1214 4092 1323 4170 ipsum
1345 4108 1411 4154 non
1433 4091 1595 4164 annullat,
1614 4092 1673 4154 sed
1698 4094 1864 4170 castigat;

213 4189 291 4251 sunt
318 4187 376 4266 qui
396 4186 534 4250 verbum
559 4187 823 4266 predicationis,
847 4188 906 4254 aut
932 4190 1010 4255 ndei
1064 4190 1143 4269 qula
1167 4204 1265 4269 poena
1294 4190 1420 4252 tantum
1442 4189 1584 4263 tollitur,
1605 4189 1770 4269 sineque
1793 4205 1866 4254 mse

201 4290 280 4349 'non
309 4284 509 4363 intelligunt.
541 4286 625 4348 Muti
651 4285 728 4349 sunt
752 4287 810 4366 qul
838 4289 1009 4367 peccatum
1063 4286 1865 4366 nonpotuitdumessetserrilis,ettimormanet

199 4388 279 4449 'non
299 4383 508 4448 confitentur.
524 4384 682 4448 Dominus
697 4399 777 4462 ergo
796 4384 876 4448 iacit
890 4386 1009 4449 surdos
1064 4385 1174 4448 castus
1195 4384 1229 4447 et
1252 4383 1365 4446 filialis
1386 4383 1421 4446 in
1441 4384 1602 4448 seculum
1623 4385 1755 4447 seculi.
1780 4385 1865 4447 llam

213 4483 329 4546 audire
347 4482 382 4545 et
399 4483 508 4545 mutos
526 4482 629 4562 loqui,
648 4481 851 4561 quandoeos
868 4483 1009 4562 quinon
1063 4481 1149 4561 prod
1163 4481 1287 4559 legitur
1300 4504 1308 4543 :
1321 4484 1479 4558 perfecta
1500 4482 1656 4546 charites
1676 4485 1778 4557 sorus
1790 4484 1867 4545 neit·

200 4580 403 4657 'intelligunt
420 4579 501 4643 iacit
521 4580 719 4657 intelligere,
740 4579 773 4643 et
789 4597 846 4643 eos
866 4581 923 4661 qui
942 4598 1009 4644 non
1064 4580 1106 4642 tit
1133 4579 1295 4644 liniarem
1316 4576 1345 4659 (Ι
1361 4580 1459 4643 Joan.
1476 4596 1520 4653 rr,
1538 4577 1603 4659 18),
1621 4595 1723 4657 poena
1737 4580 1868 4643 intelli-

212 4676 420 4748 confitentur,
434 4676 677 4741 iacitconiiteri
691 4676 1008 4757 etpoenitere.Gon·
1062 4677 1170 4755 geuda
1206 4678 1259 4741 est
1299 4693 1373 4756 que
1408 4676 1526 4739 servili
1564 4693 1741 4756 nunquam
1773 4679 1867 4741 deest

210 4774 263 4836 tra
279 4790 360 4851 quos
375 4775 579 4850 Augustinus
594 4797 603 4836 ε
618 4775 858 4853 «Impossibile
875 4777 928 4840 est
941 4778 1007 4839 lio·
1060 4775 1194 4851 timori3
1231 4774 1304 4848 illo,
1341 4775 1486 4848 scilicet,
1523 4774 1704 4836 locutionis
1740 4791 1866 4852 genere

210 4870 334 4931 minem
349 4871 523 4947 pervenire
537 4871 579 4933 ad
598 4872 850 4948 indulgentiam,
864 4875 921 4952 qni
940 4891 1007 4938 non
1068 4889 1133 4952 quo
1151 4888 1240 4951 saepe
1259 4872 1399 4935 effectus
1421 4888 1482 4951 pro
1502 4870 1660 4935 efficienti
1675 4874 1824 4949 ponitur.

211 4966 283 5031 vult
295 4966 445 5028 confiteri
458 4967 589 5044 culpam
609 4983 714 5030 suam.
730 4984 750 5029 n
764 4971 805 5032 ut
819 4972 975 5035 Salomon
996 4995 1005 5035 t
1100 4971 1225 5033 Deinde
1252 4970 1415 5048 cupiditas
1437 4970 1517 5032 tunc
1540 4970 1631 5031 recte
1651 4986 1673 5031 a
1701 4987 1868 5048 superre-

212 5064 461 5133 duiodscondtt
480 5070 612 5127 scelera
630 5080 706 5138 uuo,
722 5081 792 5130 non
809 5071 1006 5148 dirigetum
1060 5066 1173 5130 niente
1214 5066 1377 5129 charitate
1419 5065 1608 5137 ordinatur,
1650 5081 1728 5127 cum
1775 5069 1867 5130 mala

197 5165 269 5239 ‘pici
282 5164 401 5224 autem
414 5163 590 5237 censesne
604 5162 1008 5242 mentemmentdm
1061 5165 1193 5244 quidem
1227 5164 1372 5243 poenitus
1404 5165 1618 5241 respuuntur,
1649 5163 1747 5225 lionis
1779 5182 1865 5230 rere

210 5275 269 5334 eo,
308 5262 587 5323 misericordiam
621 5263 849 5338 emeretur
880 5263 1003 5344 (Pron.
1060 5261 1198 5324 meliora
1213 5259 1446 5339 preferuntur,
1462 5275 1526 5323 nec
1539 5259 1627 5322 bona
1641 5261 1707 5323 nisi
1723 5266 1867 5342 propter

193 5350 333 5454 jxxvnr,
350 5353 413 5436 13).
1059 5360 1198 5423 meliora
1221 5358 1430 5437 appetuntur.
1457 5357 1550 5432 Quod
1577 5374 1653 5421 cum
1677 5358 1780 5436 piene
1804 5378 1868 5440 per

250 5452 328 5514 'luia
350 5454 427 5515 sunt
448 5451 622 5515 hominum
640 5466 764 5527 genera
778 5455 1003 5520 confitentium
1059 5457 1119 5520 Dei
1133 5457 1274 5536 gratiam
1288 5457 1476 5521 assecutum
1490 5454 1602 5529 luerit,
1617 5454 1724 5535 dilige
1735 5473 1866 5537 corpus

211 5548 361 5610 Domino.
388 5550 447 5612 Dst
475 5548 564 5612 enim
592 5548 648 5627 qui
674 5549 847 5615 confitetur
865 5553 1022 5618 Domino.
1058 5556 1092 5620 et
1111 5554 1268 5619 uniuersa
1288 5555 1438 5636 corporis
1458 5552 1556 5627 bona,
1573 5555 1704 5615 tantum
1725 5558 1869 5635 prepter
