3996 6196
229 329 290 379 XIX

226 475 336 545 norius,
354 474 523 550 parcequils
542 477 669 537 oublient
687 492 737 537 ces
755 478 979 553 gemissements
992 482 1028 541 de
1082 494 1127 547 est
1140 487 1333 561 spiritualibus
1347 491 1537 554 intenderent.
1561 496 1629 556 illes
1642 502 1721 558 enim
1735 504 1883 577 signidem

228 561 357 646 l’Eglise,
376 588 412 632 au
431 575 529 633 milieu
548 575 681 649 desquels
705 577 732 634 le
753 577 819 636 bien
839 578 1026 654 s’aecomplit,
1083 587 1250 659 spiritualia.
1262 589 1523 665 suntetiamsigna
1536 593 1654 667 inluna,
1667 597 1794 658 idestin
1807 605 1883 677 prin·

963 311 1152 389 enerues
1835 365 1885 413 n
1995 314 1996 395 ξ

229 670 409 744 aujourd’bui
419 687 532 730 comme
546 672 619 731 dune
634 682 698 732 tous
712 675 755 733 les
769 684 873 750 temps.

261 769 306 827 34.
324 771 379 827 Les
396 768 623 828 consideratione
642 771 678 830 de
692 773 719 830 la
736 772 918 848 philosophie
937 773 1023 834 ehre-

228 866 325 924 tienue
339 873 368 924 et
383 868 523 940 pratique,
540 868 606 927 telle
621 884 677 942 qne
695 870 738 928 les
749 875 980 946 contemporains
999 875 1027 933 la

226 964 451 1036 compreuaient,
462 965 590 1039 toujours
606 966 762 1040 procedant
778 969 982 1043 pardivisions
996 981 1026 1032 et

227 1055 451 1133 enumeratione,
467 1078 505 1121 ne
519 1071 585 1122 sont
597 1080 649 1138 pas
664 1065 832 1140 etrangeres
842 1065 858 1125 i
869 1070 1024 1130 Honorius.

228 1179 240 1210 ι
261 1159 388 1228 Quatuor
399 1161 477 1219 enim
491 1170 558 1219 sunt
572 1177 667 1221 causae
679 1165 770 1223 nostri
780 1164 896 1225 doloris.
912 1168 1027 1228 Flemus

227 1265 343 1331 propter
362 1259 493 1318 miserias
519 1259 604 1334 hujus
629 1262 743 1335 saeeuli,
768 1270 883 1337 propter
908 1274 1026 1339 peccata

225 1362 333 1426 nostra,
361 1364 476 1429 propter
498 1360 729 1432 compassionem
751 1362 884 1434 proximi,
910 1372 1027 1438 propter

224 1450 391 1510 dilationem
409 1456 579 1527 praemii...»
600 1459 640 1515 Le
652 1472 721 1515 sens
736 1460 827 1518 moral
843 1474 882 1518 ou
898 1462 1023 1536 tropolo·

223 1548 341 1623 legique
364 1550 416 1609 des
442 1559 534 1612 testes
558 1554 627 1627 qu’il
646 1563 810 1616 commento
831 1557 871 1614 lui
895 1556 1026 1633 eebappe

223 1644 291 1705 bien
305 1649 400 1706 moins
414 1664 529 1721 encore,
542 1660 571 1710 et
583 1653 624 1710 lui
638 1642 745 1727 insp'ire
764 1653 837 1712 dans
855 1670 889 1714 ce
901 1658 1025 1730 premier

225 1758 341 1805 sermon
358 1746 394 1805 de
417 1745 529 1807 l’llvent
550 1765 589 1807 uu
615 1751 743 1826 laugage
760 1752 839 1826 plein
866 1752 1022 1830 d'energie.

226 1864 238 1894 ι
260 1843 413 1903 Sciendum
428 1853 472 1904 εει
485 1848 551 1920 quia
569 1847 659 1906 tribus
679 1849 715 1907 de
739 1850 834 1908 causis
852 1852 1024 1927 contingunt

224 1942 322 2001 omniu
337 1943 440 2017 signa:
456 1945 590 2004 videlicet
609 1946 644 2004 ad
659 1949 913 2008 commonitionem
934 1950 1023 2009 bono·

223 2051 298 2108 rum,
315 2039 351 2101 ad
366 2048 504 2100 terrorem
522 2044 673 2116 malorum,
690 2044 725 2103 ad
742 2048 936 2105 ostensionem
955 2048 1024 2108 divi·

224 2149 327 2195 norum
344 2138 528 2211 iudiciorum.
553 2143 578 2199 l.
596 2142 641 2201 Ad
657 2144 911 2203 commonitionem
931 2145 1021 2204 bono·

222 2248 297 2303 rum,
319 2236 386 2307 quia
399 2237 519 2309 quilibet
542 2239 626 2297 electi
648 2241 780 2300 videntes
794 2244 879 2316 signa
894 2251 924 2301 et
946 2245 1023 2302 mala

222 2328 429 2404 hujusmundi,
444 2331 550 2393 debent
563 2350 749 2396 commonere
763 2355 796 2398 se
812 2341 892 2415 ipsos
906 2341 940 2399 ad
954 2357 1023 2400 con·

222 2433 362 2500 temptum
379 2430 476 2488 seculi
494 2439 524 2489 et
545 2446 673 2492 amorem
693 2437 756 2493 Dei.
783 2436 872 2510 Signa
898 2453 1023 2512 namque

222 2525 317 2598 plage
331 2533 360 2584 et
374 2528 464 2586 minse
478 2527 675 2604 hujusmundi
691 2533 773 2605 quasi
788 2534 917 2607 quiedam
936 2551 1024 2594 voces

222 2625 449 2684 commonitorie
461 2634 538 2698 sunt,
554 2643 592 2686 ne
605 2630 728 2689 velimus
742 2631 887 2690 mundana
903 2632 1022 2708 diligere

222 2734 287 2793 que
307 2720 439 2780 ridemus
461 2732 539 2782 stare
565 2740 622 2784 non
651 2742 746 2801 posse.
767 2730 793 2788 2.
815 2728 860 2789 Ad
882 2737 1022 2790 terrorem

221 2817 381 2878 malorum:
404 2828 435 2879 ut
452 2823 521 2880 mali
540 2822 672 2883 videntes
687 2827 772 2900 signa
787 2828 909 2887 timeant
930 2832 1021 2888 Deum

223 2923 339 2990 propter
359 2918 557 2978 imminentem
582 2922 795 2995 adversitatem,
816 2941 901 3000 quem
921 2928 1021 2986 nolunt

221 3013 324 3073 emere
348 3015 378 3073 in
399 3017 479 3090 pacis
504 3020 717 3093 tranquillitate,
744 3031 825 3080 ete.»
846 3023 1021 3083 L’antitlrese

221 3117 267 3169 est
281 3111 317 3169 ici
331 3109 547 3175 veritablement
562 3115 617 3176 iort
628 3118 711 3191 belle,
727 3128 755 3179 ct
764 3120 1021 3195 donnel'exemple

222 3206 714 3275 d'unbeaumouvementorstoire.

256 3309 400 3366 Honorius
414 3309 530 3383 s’eleve,
543 3314 607 3387 plus
620 3315 689 3386 loin,
703 3314 719 3373 e
732 3316 758 3375 la
768 3317 890 3377 bauteur
899 3318 937 3377 du
947 3319 1020 3393 style

220 3404 418 3480 propbetique.
446 3410 470 3468 ll
490 3411 596 3470 entend
614 3412 641 3470 lo
663 3412 758 3472 iraeas
781 3415 819 3474 du
841 3416 946 3475 monde
970 3419 1020 3490 qui

219 3501 368 3575 s'ecroule,
383 3508 472 3579 pereil
487 3523 523 3566 au
539 3508 616 3569 bruit
632 3511 684 3569 des
699 3513 798 3571 arbres
813 3529 869 3586 que
883 3515 910 3573 la
926 3514 1020 3573 bache

218 3598 258 3657 du
271 3598 418 3662 bricheron
429 3602 530 3679 lrappe
541 3607 615 3666 dans
631 3609 657 3667 la
671 3607 753 3668 soret.
768 3632 779 3661 ι
795 3612 930 3669 Pressura
944 3626 1016 3685 geu·

220 3696 291 3754 tium
306 3699 436 3759 enitente
450 3702 526 3761 diem
537 3704 648 3778 judieii,
665 3706 800 3780 gentibus
814 3721 879 3764 sese
894 3709 1017 3767 invicem

219 3795 449 3856 occidentibus...
469 3802 539 3871 Quia
558 3802 702 3874 quomodo
720 3803 851 3877 impulsae
865 3803 901 3862 ad
917 3819 1017 3862 casum

218 3892 336 3952 arbores
350 3897 477 3955 sonitum
488 3898 581 3957 solent
591 3899 773 3973 preminere,
787 3900 939 3959 siemundi
958 3909 1016 3960 ter·

220 3992 300 4049 mino
313 3995 525 4068 propinquante
543 3996 624 4069 quasi
642 3998 776 4070 paventia
796 3996 937 4059 nutabunt
957 4001 1015 4059 ele·

218 4097 326 4149 meula.
343 4112 355 4141 s

251 4188 297 4246 35.
308 4191 348 4246 Le
362 4188 492 4248 discours
503 4190 664 4249 setermine
674 4208 727 4266 par
736 4208 793 4253 une
803 4210 879 4269 page
886 4195 922 4255 de
932 4197 1013 4256 theo·

216 4284 296 4359 logie
307 4284 508 4358 dogmatique:
525 4289 665 4361 «Triplex
681 4300 725 4349 est
739 4292 916 4367 redemptio:
934 4295 1014 4352 ride·

216 4381 283 4439 lieet
298 4395 315 4439 a
333 4389 452 4453 peccato
475 4384 519 4442 vel
534 4385 695 4458 iniquitate,
717 4404 733 4447 a
748 4390 939 4463 tribulatione,
955 4400 985 4450 et
999 4407 1016 4450 a

215 4478 409 4551 corruptione.
430 4481 455 4538 l.
473 4482 499 4540 Α
524 4491 643 4556 peccato
661 4484 735 4545 lacta
751 4495 795 4547 est
808 4489 966 4564 redemptio
985 4491 1016 4548 in

216 4573 319 4635 Christi
339 4578 492 4650 passione:
513 4582 542 4639 in
557 4581 613 4641 bac
631 4583 830 4659 redemptione
847 4587 926 4645 dedit
948 4603 1014 4661 pre·

216 4673 465 4749 tiumsanguinem
476 4694 570 4737 suum
585 4682 611 4738 2.
623 4682 649 4739 A
659 4682 1016 4761 tribulationeiltredemp

216 4770 256 4827 tio
275 4771 380 4830 anime
398 4774 427 4832 in
447 4777 542 4834 carnis
565 4777 718 4836 solutione.
744 4781 772 4838 3.
788 4781 813 4839 A
832 4785 1015 4856 corruptione

216 4868 265 4926 liet
278 4869 436 4944 redemptio
451 4873 481 4930 in
492 4876 710 4946 resurrectione,
722 4876 837 4948 quando
849 4880 944 4937 omnis
955 4895 1017 4938 cor·

1082 684 1193 757 cipibus
1211 685 1324 757 mundi,
1341 688 1390 761 qui
1406 700 1531 761 presunt
1550 695 1641 765 noeti,
1658 695 1686 753 id
1707 704 1753 756 est
1765 706 1880 774 tempo·

1082 781 1198 847 ralibus.
1213 785 1276 842 Nox
1285 787 1363 843 enlm
1375 785 1519 860 significat
1531 794 1709 864 temporalia.
1727 795 1781 853 Sed
1795 797 1882 857 bodie

1082 881 1124 937 sol
1143 882 1317 940 convertitur
1334 884 1364 941 in
1383 886 1511 944 tenebras
1531 895 1561 945 et
1572 889 1639 947 luna
1654 891 1684 948 in
1700 895 1879 966 sanquinem,

1082 979 1147 1052 quia
1158 980 1268 1053 praelati
1282 982 1417 1040 Ecclesioe
1431 983 1546 1043 student
1556 989 1723 1059 terrenis,et
1735 992 1881 1067 principes

1082 1078 1178 1136 seculi
1192 1078 1344 1138 intendunt
1357 1082 1476 1154 rapinis.
1488 1083 1558 1142 Sunt
1572 1086 1659 1143 etiam
1674 1088 1759 1161 signa
1775 1090 1881 1149 instel-

1081 1174 1126 1244 lis,
1144 1190 1209 1248 quae
1223 1176 1308 1236 bodie
1318 1177 1426 1237 cadunt
1436 1179 1473 1238 de
1483 1182 1566 1254 coelo,
1580 1184 1647 1256 quia
1663 1189 1880 1260 contemplativi

1081 1271 1166 1331 bodie
1189 1288 1288 1333 essum
1311 1278 1465 1350 patiuntur,
1485 1279 1554 1338 dum
1571 1290 1676 1340 exeunt
1690 1282 1726 1341 de
1746 1293 1877 1344 oontem-

1080 1371 1215 1444 plationis
1227 1379 1349 1431 secreto.
1365 1395 1377 1426 s

1119 1580 1220 1642 XVII.
1240 1612 1282 1627 -
1300 1584 1366 1644 Les
1384 1585 1549 1647 somnone
1567 1601 1639 1659 xrx,
1660 1603 1731 1661 xxi,
1749 1603 1835 1663 xxm,

1363 1696 1459 1755 xxiv,
1472 1698 1593 1745 xxvru.

1113 1845 1158 1904 37.
1168 1845 1191 1903 ll
1202 1859 1296 1920 apnru
1308 1846 1364 1905 bon
1376 1846 1413 1905 de
1427 1848 1560 1908 s'arreter
1569 1863 1609 1908 un
1619 1866 1676 1926 peu
1689 1852 1876 1927 longuement

1079 1958 1115 2001 au
1123 1945 1248 2016 premier
1266 1943 1317 2002 des
1329 1960 1461 2003 sermons
1474 1945 1510 2003 de
1516 1948 1795 2024 Honoriuslll,pour
1804 1951 1876 2011 laira

1078 2039 1266 2114 comprendre
1287 2044 1381 2115 quelle
1400 2042 1564 2104 abondante
1582 2046 1711 2106 riebesse
1731 2048 1876 2109 renierma

1077 2138 1104 2196 la
1119 2139 1269 2198 collection
1284 2139 1393 2199 entiere
1407 2139 1444 2199 de
1456 2156 1506 2201 ces
1515 2142 1645 2203 discours
1659 2145 1792 2219 jusqu'ici
1811 2145 1873 2205 ine-

1078 2235 1143 2295 dits.
1167 2236 1285 2296 L'etude
1301 2246 1345 2296 est
1361 2246 1439 2298 toute
1460 2240 1610 2313 nouvelle;
1630 2258 1668 2300 ou
1689 2258 1761 2316 pour
1778 2245 1877 2302 mieux

1077 2331 1150 2404 dire,
1165 2335 1221 2394 elle
1234 2344 1279 2394 est
1292 2334 1309 2394 i
1323 2335 1393 2394 inire
1408 2346 1437 2396 et
1448 2338 1494 2396 n'a
1510 2354 1563 2412 pas
1576 2339 1623 2397 ete
1635 2339 1779 2399 elfleuree.
1795 2342 1877 2400 Nous

1077 2430 1216 2506 esperone
1229 2448 1285 2508 que
1299 2435 1326 2493 le
1342 2435 1450 2494 leeteur
1466 2438 1517 2510 qui
1536 2452 1605 2496 aura
1624 2438 1683 2513 pris
1699 2439 1728 2496 la
1739 2441 1825 2511 peine
1839 2436 1877 2497 de

1076 2529 1129 2587 lire
1141 2539 1222 2589 notre
1236 2532 1354 2607 analyse
1367 2548 1431 2592 sere
1444 2533 1573 2593 d’eutent
1583 2536 1646 2609 plus
1660 2536 1752 2594 excite
1769 2534 1787 2594 i
1804 2551 1875 2610 per·

1077 2630 1171 2687 courir
1182 2629 1300 2688 l'muvre
1315 2630 1354 2690 du
1367 2631 1460 2706 greum
1474 2634 1562 2706 Pape,
1579 2632 1730 2692 demeuree
1746 2635 1772 2691 si
1787 2634 1874 2708 long·

1077 2733 1170 2799 temps
1182 2727 1254 2786 dens
1266 2729 1371 2789 l'oubli

1111 2827 1191 2885 Nous
1206 2827 1346 2884 estimous
1359 2840 1415 2900 que
1435 2826 1493 2886 l’un
1510 2825 1562 2886 des
1577 2828 1641 2902 plns
1660 2829 1877 2902 remarquables

1076 2922 1111 2981 de
1131 2938 1181 2981 ces
1199 2939 1331 2983 sermons
1343 2933 1387 2984 est
1397 2927 1425 2984 le
1438 2922 1699 2999 vingtquatrieme.
1713 2927 1793 2985 Nous
1806 2925 1875 2985 n’en

1076 3020 1240 3080 donnerons
1257 3037 1309 3097 pas
1325 3023 1367 3082 les
1389 3024 1512 3095 raisons,
1534 3023 1592 3081 aliu
1613 3021 1732 3081 d’euiter
1750 3024 1791 3082 les
1808 3025 1873 3082 lon·

1075 3133 1191 3193 gueurs.
1205 3122 1285 3178 Nous
1297 3120 1446 3194 signalons
1460 3121 1632 3194 cependant,
1650 3129 1730 3180 outre
1746 3122 1773 3179 le
1787 3120 1876 3180 debm

1075 3218 1124 3289 qui
1140 3225 1184 3276 est
1195 3216 1250 3276 lort
1263 3217 1338 3276 besu
1352 3226 1380 3276 et
1393 3219 1469 3292 pleiu
1484 3218 1670 3277 d’auimation
1684 3219 1734 3293 (on
1743 3233 1779 3276 en
1790 3218 1875 3278 ierait

1075 3330 1197 3390 presque
1209 3331 1248 3373 un
1259 3314 1334 3388 suist
1347 3314 1383 3374 de
1397 3315 1547 3390 reprocbe,
1558 3318 1583 3373 si
1592 3317 1619 3374 la
1634 3318 1708 3375 suite
1718 3332 1755 3374 ne
1764 3315 1872 3390 repon·

1073 3412 1132 3471 dail
1145 3410 1160 3470 d
1175 3428 1209 3471 ce
1219 3413 1493 3487 commencement),
1508 3414 1535 3472 la
1555 3413 1729 3488 description
1748 3414 1799 3472 des
1813 3413 1873 3471 eir·

1074 3519 1245 3571 constanees
1256 3509 1292 3569 de
1306 3511 1334 3569 la
1348 3511 1479 3581 Passion,
1489 3509 1789 3580 tresmousementee,
1800 3509 1873 3569 cba-

1073 3616 1214 3679 leureuse,
1234 3610 1328 3683 pleine
1343 3609 1379 3667 de
1393 3610 1439 3668 via
1458 3616 1487 3669 ει
1501 3609 1539 3668 du
1558 3609 1660 3669 sensile
1682 3609 1816 3667 oratoire.
1834 3609 1875 3667 Ge

1073 3708 1168 3763 meme
1193 3705 1322 3764 discours
1349 3706 1459 3765 semble
1486 3705 1630 3765 d’ailleurs
1655 3705 1719 3778 plns
1744 3703 1874 3763 travaille

1072 3816 1144 3875 pour
1162 3803 1189 3860 la
1205 3803 1288 3876 style,
1302 3804 1351 3875 qui
1369 3810 1414 3861 est
1428 3804 1519 3860 tentet
1533 3799 1651 3876 elegant
1662 3808 1691 3859 et
1708 3802 1806 3860 meme
1824 3817 1871 3860 re·

1071 3898 1212 3958 eherehe:
1236 3922 1247 3953 ι
1267 3901 1309 3959 'lu
1328 3907 1410 3959 aceto
1431 3900 1549 3972 potaris,
1566 3907 1596 3958 et
1617 3913 1674 3973 ego
1699 3900 1873 3972 exquisitum

1071 4000 1170 4056 vinum
1191 3998 1305 4056 intueor
1325 4012 1413 4070 mum
1433 3997 1557 4056 lloreseit
1579 3998 1608 4055 in
1631 3998 1753 4068 vitro;»
1781 3997 1873 4054 tantdt

1072 4095 1190 4171 image:
1212 4118 1223 4148 ι
1252 4098 1329 4156 llors
1347 4096 1438 4166 adest,
1468 4096 1526 4154 imo
1549 4096 1681 4154 cursitet
1699 4093 1827 4170 pervolat
1841 4093 1872 4150 in

1071 4194 1152 4267 equis
1168 4201 1197 4252 et
1210 4193 1357 4265 curribus;
1380 4215 1391 4245 ι
1410 4196 1502 4252 tantdt
1517 4195 1668 4252 inventam
1692 4203 1721 4254 et
1744 4196 1872 4256 formant

1071 4291 1107 4349 de
1121 4298 1198 4350 toute
1217 4289 1308 4365 piem,
1322 4292 1402 4349 selon
1418 4293 1445 4350 le
1462 4293 1572 4351 conscii
1591 4292 1630 4350 du
1650 4291 1745 4366 poete,
1762 4294 1789 4352 le
1810 4302 1872 4354 mot

1071 4404 1175 4463 propre
1190 4390 1238 4462 qui
1253 4403 1377 4462 masque
1390 4387 1407 4447 i
1421 4390 1448 4447 ln
1467 4389 1590 4463 langue:
1611 4410 1623 4442 ι
1646 4393 1681 4448 Ει
1696 4405 1754 4447 non
1773 4406 1869 4450 rema·

1069 4486 1229 4559 ledicebat3
1254 4507 1266 4537 ι
1289 4487 1381 4545 tantdt
1405 4486 1563 4562 energlque
1577 4485 1712 4561 jusqu'nu
1729 4486 1869 4547 sublime:

1073 4584 1232 4659 ‹Crueiilgi
1246 4576 1380 4643 uenerat
1397 4585 1499 4654 occidi,
1519 4583 1570 4643 sed
1586 4583 1635 4642 diu
1656 4592 1777 4643 mortem
1801 4599 1868 4658 pro·

1070 4682 1155 4751 trabi,
1171 4689 1201 4740 et
1214 4681 1342 4739 dolorem
1354 4682 1547 4756 augmentari.
1560 4702 1572 4733 ι

1106 4776 1872 4852 Selonleeonseildeselassiques,Honoriusestemu

1069 4876 1231 4946 lui-meme,
1242 4876 1369 4950 lorsqu'il
1381 4884 1449 4935 veut
1463 4875 1634 4934 lairevibrer
1644 4872 1873 4935 l’emotiondans

213 4967 309 5039 ruptio
332 4968 446 5027 tolletur
471 4970 508 5029 de
530 4986 617 5031 earne
638 4989 689 5047 per
715 4975 838 5049 gloriam
867 4991 1013 5038 resurrec·
1069 4972 1111 5032 les
1124 4972 1261 5033 coeursde
1277 4989 1325 5032 ses
1342 4974 1496 5033 auditeurs.
1510 4973 1635 5032 llexeite
1651 4988 1750 5032 enees
1765 4980 1873 5031 termes

214 5067 311 5125 tionis.
327 5089 339 5118 s
1068 5071 1111 5129 les
1121 5069 1270 5144 penbeurs,
1280 5068 1474 5130 lesebretiens
1483 5071 1693 5144 languissents:
1707 5092 1719 5123 s
1732 5069 1787 5128 Sed
1798 5069 1871 5143 prob

248 5165 294 5223 36.
305 5166 385 5223 Ανεε
396 5166 459 5239 plus
469 5166 505 5226 de
517 5167 618 5227 liberte
625 5183 681 5241 qne
694 5183 747 5228 nos
761 5186 869 5246 usages
884 5171 1014 5247 presente
1069 5167 1174 5242 pudori
1191 5168 1319 5228 cbristus
1334 5169 1404 5227 vivit
1415 5176 1444 5227 et
1462 5183 1516 5226 nos
1533 5167 1626 5225 adbuc
1643 5166 1871 5239 succumbimus,

214 5276 251 5321 ne
258 5262 285 5319 le
298 5271 479 5335 permetient,
486 5265 512 5323 lo
523 5265 727 5339 predicateura
740 5284 774 5327 su
781 5267 883 5328 lairela
891 5286 1014 5329 censure
1068 5265 1196 5325 Christus
1205 5269 1359 5325 resurrexit
1373 5275 1402 5325 et
1411 5281 1464 5324 nos
1475 5265 1570 5324 adbuc
1576 5265 1727 5340 jacemus,
1741 5264 1872 5324 Christus

213 5358 268 5418 iort
282 5361 357 5430 vire,
372 5376 409 5419 en
424 5371 552 5435 passast,
567 5364 619 5422 des
633 5379 741 5423 moenrs
753 5365 789 5423 de
805 5370 932 5426 certatus
946 5368 1011 5442 pre·
1067 5364 1169 5437 vigilat
1182 5373 1210 5423 et
1232 5379 1286 5422 nos
1302 5364 1396 5422 adbuc
1410 5363 1580 5433 dormimus,
1602 5362 1731 5421 Christus
1752 5363 1822 5421 vivit
1841 5370 1871 5421 et

212 5456 268 5515 lats
282 5467 310 5518 et
324 5457 376 5517 des
387 5458 543 5534 grandsdu
558 5462 703 5521 treizieme
717 5462 839 5523 siecle«
857 5466 929 5524 Nota
945 5476 1014 5539 quot
1067 5475 1122 5519 nos
1136 5461 1230 5520 adhue
1242 5462 1389 5532 morimur,
1401 5461 1529 5520 Christus
1540 5462 1661 5535 imperat
1678 5466 1707 5517 et
1718 5459 1829 5529 liberet,
1841 5467 1871 5518 et

211 5553 390 5629 hodiesigna
407 5559 517 5615 suntin
533 5558 604 5628 sole,
620 5558 708 5619 idest
725 5561 754 5618 iu
775 5562 900 5636 praelatis
912 5564 1011 5621 Eccle-
1067 5574 1121 5618 nos
1135 5559 1230 5618 adbuc
1242 5559 1318 5617 servi
1333 5573 1443 5629 sumus,
1459 5581 1470 5613 ι
1487 5560 1582 5617 Seram
1596 5573 1662 5617 xxv.
1674 5558 1698 5615 ll
1713 5556 1809 5614 anime
1823 5557 1869 5615 les

212 5651 273 5723 sine,
287 5653 353 5726 quia
371 5653 508 5714 deberent
525 5672 590 5716 csse
609 5659 663 5727 sol,
686 5665 716 5718 ut
730 5658 786 5718 diei
801 5668 968 5735 preessent,
985 5662 1013 5720 id
1065 5656 1156 5730 instes
1168 5671 1279 5731 parces
1292 5658 1405 5730 paroles
1417 5655 1623 5717 enssammees:
1640 5677 1652 5706 ι
1669 5653 1867 5715 Obeharitnsl
