3936 6182
96 356 150 420 501
739 359 864 422 LIBER
885 358 1116 427 GENSUUM(
1683 368 1743 431 502

97 534 166 581 meo
188 518 334 596 tempore
360 517 397 579 in
414 520 564 580 Romana
585 516 720 582 luerunt
737 520 887 583 Ecclesia
983 521 1131 584 Ecclesia
1154 522 1267 585 Sancti
1287 522 1428 586 Andreae
1440 523 1476 585 in
1489 524 1589 588 Slllce
1604 542 1664 605 pro
1681 542 1741 589 ec-

97 615 270 688 constituti,
285 616 339 677 vel
354 616 473 678 amodo
483 615 680 691 statuentur,
696 619 732 679 in
746 618 810 681 hoc
822 635 886 680 vo·
942 618 1044 682 clesia
1060 620 1173 682 Sancti
1187 623 1206 683 J
1208 620 1303 683 acobi
1317 622 1357 683 de
1367 622 1458 697 Teto,
1472 640 1575 686 unum
1588 623 1744 687 marabo-

96 713 213 774 lumine
227 714 376 775 studiose
390 714 583 792 depingens,
600 731 643 776 ex
666 715 730 777 hoc
754 732 888 777 succes-
941 716 1060 778 tinum.

97 811 219 873 soribus
233 812 318 872 meis
331 814 494 890 praestans
514 813 688 874 materiam
708 814 885 887 universis,
981 816 1019 874 ln
1049 814 1243 893 episcopatu
1267 818 1444 880 Portuensi
1467 840 1475 880 ε
1498 820 1617 882 Petrus
1642 819 1741 881 Latro

97 908 231 986 qualiter
245 908 286 969 de
299 910 411 972 cetero
425 926 530 987 usqne
553 910 594 971 ad
620 911 746 973 exitum
773 913 887 973 mundi
942 911 1024 973 duos
1040 913 1266 976 marabotinos
1279 931 1339 992 pro
1354 917 1465 979 castro
1480 918 1598 979 Chare.

97 1023 208 1069 census
220 1006 311 1077 illos,
323 1007 380 1085 qui
390 1008 459 1068 suis
467 1007 508 1070 de
520 1024 606 1070 novo
614 1009 888 1086 temporibussta·
982 1009 1158 1071 Sciendum
1174 1014 1235 1085 est,
1254 1011 1340 1090 quod
1358 1014 1532 1092 episcopus
1548 1015 1743 1077 Portuensis

95 1104 231 1173 tuentur,
254 1103 291 1165 in
306 1105 422 1167 eodem
437 1106 615 1179 volumine,
632 1107 885 1181 sufficientibus,
942 1106 1038 1169 debet
1052 1107 1176 1170 habere
1197 1110 1232 1171 in
1251 1110 1305 1172 die
1327 1111 1430 1173 Lunae
1451 1110 1527 1189 post
1541 1112 1670 1173 Pascha
1683 1126 1744 1190 par

97 1202 128 1263 ut
147 1203 285 1276 aestimo,
312 1205 430 1281 spatiis
446 1205 613 1282 adaptato,
636 1206 724 1269 sicut
746 1222 807 1283 ego
829 1223 888 1284 per
943 1203 1220 1281 chirothecarum,
1233 1225 1306 1270 cum
1322 1209 1441 1287 quibus
1458 1211 1571 1271 cantat
1585 1210 1741 1270 missam:

96 1299 341 1362 dilectissimum
387 1318 496 1363 meum
540 1304 746 1365 Willelmum
787 1304 888 1366 Rusio
943 1303 976 1364 et
1009 1303 1120 1364 nullus
1148 1304 1183 1365 in
1211 1307 1461 1377 Transtiberim,
1494 1305 1559 1369 nisi
1589 1308 1744 1368 Summus

97 1397 201 1460 Sancti
219 1398 385 1460 iohannis
403 1400 654 1478 Angeliacensis
674 1402 714 1463 de
738 1402 888 1465 Pictavia
943 1400 1109 1474 Pontifex,
1124 1418 1321 1467 consecrare
1342 1405 1514 1478 ecclesias,
1529 1404 1587 1469 aut
1607 1403 1746 1466 benedi-

95 1494 257 1565 clericum,
273 1496 424 1574 ejusdem
448 1514 601 1572 camerae,
617 1515 658 1561 ac
678 1500 889 1562 cancellariae
944 1513 1020 1560 cere
1032 1500 1150 1576 potest.

96 1592 213 1654 domini
236 1597 339 1671 Papae
361 1596 558 1675 scriptorem
578 1597 643 1659 leci
660 1597 837 1670 conscribi,
857 1600 889 1659 et
985 1599 1022 1658 In
1039 1597 1233 1675 episcopatu
1248 1598 1448 1662 Albanensi:
1466 1600 1616 1662 Ecclesia
1631 1598 1745 1662 Sancti

97 1689 155 1767 ipsi
164 1689 289 1754 iaciant
299 1692 464 1756 adnotari.
482 1695 524 1756 ut
536 1695 565 1755 si
578 1695 775 1773 quaudoque
788 1693 889 1775 (quod
945 1694 1062 1756 Donati
1073 1693 1114 1756 de
1128 1696 1304 1761 maritimis
1320 1713 1421 1758 unum
1432 1696 1697 1759 marabotinum.
1812 1741 1816 1748 ·

96 1802 178 1864 saepe
199 1788 378 1871 contingit)
404 1808 424 1853 a
445 1792 564 1870 quihus
584 1792 745 1855 debentur
770 1809 890 1854 census
984 1791 1156 1869 Hospitale
1170 1793 1210 1854 de
1225 1794 1379 1867 cantaro,
1395 1810 1495 1855 unam
1509 1794 1629 1855 libram
1647 1809 1743 1856 cerae.

96 1884 165 1961 ipsi,
187 1903 248 1963 per
269 1889 421 1967 proprios
445 1891 580 1953 nuntios
602 1890 644 1952 ad
665 1890 890 1967 apostolicam
984 1889 1022 1950 In
1037 1890 1232 1968 episcopatu
1252 1892 1472 1953 Praenestino.

97 1981 208 2044 Sedem
229 2001 298 2047 non
321 1986 445 2050 luerint
469 1987 637 2061 destinati,
664 1988 723 2049 ille
743 1988 800 2066 qui
819 1992 890 2051 Ro·
984 1987 1620 2065 InepiscopatuSabinensi:oratorium
1632 1987 1745 2050 Sancti

95 2095 196 2142 manae
233 2084 392 2148 Ecclesiae
424 2087 504 2149 tunc
539 2087 698 2164 temporis
735 2086 892 2149 Pontifex
945 2085 1037 2145 Petri
1064 2084 1099 2145 in
1119 2085 1290 2147 territorio
1314 2088 1561 2164 Campagnano,
1578 2101 1682 2149 unam
1702 2084 1747 2146 li-

93 2180 235 2253 praeerit,
257 2183 430 2260 postquam
446 2199 506 2262 per
529 2185 752 2247 camerarium
781 2202 889 2258 suum,
945 2182 1149 2244 bramcerae.

94 2276 145 2352 qui
168 2293 291 2339 census
308 2281 439 2359 recipit,
455 2282 522 2359 ipsi
548 2283 741 2356 innotuerit,
761 2282 892 2360 quoda
987 2282 1025 2341 In
1051 2280 1471 2360 episcopatunusculauo:
1498 2281 1588 2343 Oddo
1612 2280 1653 2343 de
1678 2280 1745 2341 Co-

91 2372 212 2436 talibus
226 2392 364 2441 censum
376 2378 503 2452 habuit,
518 2380 551 2443 et
571 2395 592 2441 a
612 2379 736 2442 talibus
756 2395 823 2441 non
837 2396 893 2441 re-
947 2377 1062 2438 lumna
1076 2393 1137 2454 pro
1154 2378 1264 2440 castro
1280 2380 1393 2441 Sancti
1408 2379 1556 2452 Caesarii,
1572 2379 1611 2441 15
1622 2377 1746 2440 solidos

92 2470 187 2546 cepit,
217 2474 364 2549 propriis
396 2475 587 2537 nominibus
615 2477 823 2553 computatis,
850 2476 892 2538 ab
947 2476 1110 2537 lucenses.

91 2560 168 2634 illis,
184 2564 244 2640 qui
258 2582 325 2626 non
335 2567 577 2644 persolverunt,
592 2570 665 2629 sine
677 2568 891 2632 dubitationis
987 2575 1024 2634 ln
1045 2574 1238 2650 episcopatu
1252 2573 1425 2636 Tiburtino
1440 2595 1448 2634 ι
1465 2574 1614 2636 Ecclesia
1632 2573 1745 2635 Sancti

93 2661 248 2736 scrupulo
271 2679 331 2739 pen
354 2680 451 2726 suum
479 2665 635 2742 legatum,
661 2666 714 2727 vel
739 2667 891 2729 nuntium
945 2672 1079 2733 Thomas
1091 2671 1132 2732 de
1144 2671 1346 2744 Monticello,
1361 2688 1463 2733 unam
1475 2671 1595 2732 libram
1606 2688 1704 2733 cerae.

95 2772 209 2817 census
222 2758 314 2835 ipsos
329 2764 479 2838 repetere
496 2764 616 2837 valeat,
634 2780 693 2825 seu
707 2780 768 2841 per
781 2781 892 2842 quem·
985 2769 1133 2831 Ecclesia
1147 2769 1261 2835 Sancti
1271 2770 1397 2832 Cosmae
1408 2770 1648 2844 del'icovariO,
1661 2769 1745 2831 duas

94 2853 171 2916 libet
200 2856 306 2918 alium
327 2858 369 2918 ad
390 2858 453 2921 hoc
468 2862 660 2937 specialiter
676 2861 888 2924 destinatum.
944 2866 1048 2929 libras
1058 2864 1161 2929 ‘cerae

97 2952 247 3022 Quaedam
269 2955 358 3016 enim
373 2957 527 3033 regiones
539 2959 574 3019 in
586 2959 715 3020 tantum
732 2975 751 3020 a
768 2959 890 3021 Sancta
984 2966 1022 3026 Iu
1034 2964 1229 3043 episcopatu
1248 2964 1402 3028 Reatino.

98 3049 889 3134 RomanaEcelesiasuntremotae,quodeamdem
941 3046 948 3055 ’

100 3147 189 3209 aunis
205 3149 348 3226 singulis
370 3153 508 3228 possunt
530 3152 720 3215 nullatenus
736 3155 886 3217 visitare.
985 3162 1187 3236 campanie,
1217 3162 1329 3221 Terra
1352 3161 1484 3222 mantnt
1513 3164 1632 3234 Paper.
1648 3189 1690 3204 -
1707 3160 1745 3221 In

132 3244 271 3307 Aburbe
287 3246 400 3323 igitur,
416 3250 575 3326 tanquam
594 3266 614 3312 a
636 3252 744 3328 capite
761 3253 888 3326 mundi,
944 3257 1138 3335 episcopatu
1167 3256 1308 3332 Signino
1333 3254 1400 3335 (‘)=
1431 3255 1673 3316 Monasterium
1705 3256 1746 3317 de

100 3343 261 3405 exordium
281 3361 504 3420 assumamus,
526 3347 559 3409 et
578 3350 703 3426 septem
722 3349 891 3427 episcopa·
945 3354 1103 3426 Rossillo‚
1127 3369 1231 3413 unum
1248 3351 1381 3413 obolum
1397 3352 1670 3414 massamutiuum
1683 3368 1743 3429 pro

100 3436 178 3500 tibus
192 3441 420 3519 adjacentibus
430 3444 506 3522 ipsi.
945 3451 1089 3512 ecclesia
1108 3448 1224 3510 Sancti
1242 3448 1422 3520 Simeonis,
1438 3464 1536 3525 quam
1556 3449 1587 3510 ei
1604 3464 1745 3510 conces-

946 3548 1155 3611 sitdominus
1171 3546 1343 3609 Honorius
1356 3548 1403 3608 111
1416 3549 1518 3624 Papa,
1535 3538 1746 3624 pontificatus

136 3636 177 3695 ln
201 3638 342 3700 ciuitate
359 3643 526 3702 Ronanus.
546 3640 751 3703 -Ecclesia
779 3642 892 3703 Sancti
946 3648 1173 3726 ejusannov.
1751 3662 1754 3667 ’

101 3730 216 3806 AEgidii
240 3737 342 3812 juxta
366 3739 500 3799 Portam
521 3742 678 3807 Auream,
701 3755 802 3800 unam
824 3756 891 3800 un-
985 3748 1023 3806 ln
1045 3744 1244 3823 episcopatu
1262 3742 1459 3819 Anagnino:
1474 3742 1655 3820 Episcopus
1674 3743 1746 3820 ipse

102 3827 177 3890 cium
193 3833 459 3910 malequinorum
481 3836 749 3914 singulis'annis.
945 3843 981 3904 in
1014 3857 1217 3921 unoquoque
1249 3840 1333 3903 festo
1364 3841 1590 3902 coronationis
1620 3839 1745 3901 domini

135 3927 274 3993 Ecclesia
294 3933 407 3993 Sancti
428 3934 604 3996 Michaelis
620 3936 719 4014 juxta
738 3934 890 3996 Palatio·
946 3946 1046 4019 Papae
1070 3940 1166 4003 debet
1185 3941 1227 4002 60
1250 3938 1390 4001 brachia
1409 3940 1512 4017 panni
1536 3938 1569 4001 et
1588 3939 1649 3999 200
1664 3954 1745 3999 scu-

102 4017 175 4093 lum,
199 4026 281 4089 duos
307 4028 431 4091 solidos
457 4031 602 4094 lucensis
626 4034 781 4105 monetae,
804 4033 892 4095 sicut
948 4039 1053 4102 tellas.

103 4125 225 4196 apparet
253 4142 300 4187 ex
344 4127 523 4206 privilagio
567 4130 692 4191 domini
720 4130 890 4193 Coelestiui
984 4137 1143 4199 Homines
1153 4135 1194 4196 de
1203 4133 1565 4212 Antialo,50scapulas
1576 4133 1743 4212 porcinas,

103 4215 189 4294 rapae
201 4224 256 4296 111,
270 4240 363 4286 anno
375 4228 447 4304 eius
464 4226 494 4287 1.
945 4234 979 4296 ec
992 4234 1115 4295 souaos
1128 4234 1169 4293 eo
1182 4232 1215 4293 ct
1229 4234 1268 4293 ao
1278 4232 1448 4309 placentas
1466 4231 1598 4295 infesto
1613 4232 1747 4293 Nativi-

136 4316 275 4383 Ecclesia
294 4323 326 4381 S.
345 4322 473 4395 Basilii,
490 4322 572 4384 duas
587 4340 720 4387 saumas
735 4325 887 4402 piscium.
944 4331 1034 4394 tatis.
1456 4339 1460 4345 ·

104 4409 166 4473 Una
175 4414 207 4476 in
217 4417 503 4495 Quadragesimali
511 4423 672 4499 tempore,
684 4422 752 4484 alia
764 4423 799 4482 in
811 4439 890 4500 quo
984 4426 1143 4489 Dominus
1158 4423 1353 4502 Raynaldus
1368 4424 1507 4485 Maximi
1519 4425 1559 4485 de
1561 4466 1622 4484 .....
1641 4439 1744 4502 nepos

104 4503 247 4577 libetalio
260 4516 422 4593 tempore.
944 4524 1069 4588 domini
1093 4521 1276 4585 Alexandri
1306 4524 1405 4598 Papae
1426 4523 1481 4594 lV,
1497 4537 1558 4598 pro
1591 4520 1744 4583 omnibus

139 4608 334 4690 Quicumque
355 4614 511 4678 tenebant
533 4615 664 4688 turrim,
686 4632 760 4694 quae
782 4616 890 4681 estin
943 4621 1105 4685 reditibus
1120 4621 1154 4682 et
1172 4618 1399 4697 proventibus,
1416 4618 1744 4697 ceterisquejuribus

67 4759 71 4765 .
105 4704 198 4779 capite
210 4711 324 4772 Pontis
333 4712 536 4786 iudaeorum,
551 4714 732 4775 secundum
743 4715 892 4794 antiqui·
944 4722 977 4783 et
990 4720 1097 4793 bonis,
1112 4735 1186 4797 quae
1201 4733 1221 4778 a
1235 4719 1385 4779 Romana
1400 4716 1550 4779 Ecclesia
1569 4717 1695 4781 obtinet
1710 4719 1744 4780 in

104 4794 204 4872 tatem,
218 4822 319 4869 unum
334 4809 577 4872 marabotinum
593 4811 765 4875 solvebant
779 4814 890 4875 eccle-
944 4819 1054 4881 castro
1072 4818 1113 4879 de
1136 4815 1263 4889 Trebia,
1289 4814 1386 4878 debet
1407 4832 1510 4877 unum
1535 4815 1667 4879 obolum
1682 4815 1745 4879 au-‘

106 4894 157 4957 siae
170 4901 335 4966 Romanae.
487 4900 489 4904 ’
648 4922 651 4929 ’
944 4932 1038 4978 reum
1052 4915 1088 4978 in
1102 4916 1186 4979 festo
1207 4914 1354 4977 omnium
1365 4914 1562 4976 Sanctorum
1576 4915 1743 4993 praedictae

140 4995 277 5064 Ecclesia
289 4998 402 5067 Sancti
416 5003 509 5066 Abba
522 5004 600 5078 Ciri,
615 5022 717 5067 unum
735 5007 891 5070 marabo-
944 5018 1102 5078 Romanae
1117 5013 1274 5076 Ecclesiae
1286 5013 1471 5075 annuatim.

107 5086 211 5157 tinum.
984 5115 1022 5175 In
1056 5112 1249 5190 episcopatu
1284 5112 1521 5173 Ferentinate:
1560 5110 1742 5188 Episcopus

141 5189 277 5258 Ecclesia
286 5199 533 5272 LateranensiS,
542 5216 602 5277 pro
611 5200 847 5275 terrisvincis,
857 5204 890 5265 61
945 5210 1016 5290 ipse
1028 5212 1088 5272 200
1102 5211 1271 5282 scutellas,
1284 5211 1317 5270 et
1330 5213 1370 5271 60
1383 5208 1521 5272 brachia
1540 5208 1653 5285 panni·

107 5285 289 5356 m⁰¹⁰¹¹dissis
302 5296 343 5358 de
356 5298 443 5370 lacu,
461 5298 557 5360 debet
572 5298 645 5360 0010
660 5298 763 5359 rubba
778 5301 887 5376 grani,
984 5314 1022 5374 In
1048 5311 1242 5389 episcopatu
1267 5310 1440 5372 Aletrino:
1464 5308 1646 5385 Episcopus
1669 5305 1741 5383 ipse

108 5382 137 5441 ot
151 5388 218 5449 octo
239 5391 278 5453 de
301 5393 443 5469 hordeo,
469 5397 502 5458 et
525 5396 594 5457 tres
623 5412 757 5457 saumas
776 5398 887 5461 musti.
943 5412 1003 5473 200
1017 5410 1185 5483 scutellas,
1201 5409 1233 5470 et
1247 5409 1288 5469 50
1302 5407 1440 5469 brachia
1457 5403 1571 5484 panni.

142 5481 175 5541 ln
186 5487 372 5568 episcopatu
387 5494 548 5555 Ostiensi:
566 5495 724 5556 Homines
741 5495 889 5573 ejusdem
1259 5512 1261 5516 ·

108 5573 239 5645 &Vitatis
253 5586 287 5648 in
299 5588 383 5651 fe⁵t⁰
396 5590 588 5653 NatiVitafiS
603 5592 735 5655 D⁰mi¹¹i
749 5595 783 5656 et
801 5596 889 5657 Pas·
980 5622 1014 5697 (⁶)
1030 5625 1125 5683 Unum
1143 5637 1180 5679 ex
1195 5618 1422 5678 additamentisa
1438 5615 1588 5698 recentiori
1605 5617 1739 5692 quopiam

108 5670 180 5748 che,
196 5678 274 5743 duas
293 5685 455 5763 plantatas
474 5687 653 5765 lignorum.
944 5696 1001 5754 alio
1015 5693 1245 5757 camerario‚seo
1259 5691 1407 5762 scriptore,
1422 5687 1597 5761 adiunctum.
