3980 6198
824 282 1001 349 HONORII
1024 288 1069 350 111
1096 290 1245 354 OPERA.

458 549 673 639 tributis
706 550 762 638 lv

405 815 453 861 66
483 814 718 863 armannum
753 798 822 879 (1).

244 935 374 1007 Abbati,
390 934 425 998 et
439 937 554 1010 priori
573 934 705 997 sattctoe
724 930 978 1015 Gettoecsceta).

516 1160 652 1221 CAPUT
685 1161 711 1221 Ι.

256 1311 347 1372 Licet
361 1309 454 1371 vobis
469 1310 689 1372 direxerimus
703 1310 825 1387 scripta
836 1309 960 1379 nostra,
977 1305 1013 1368 ut

215 1407 272 1469 (111.
290 1408 311 1469 t.
328 1408 486 1483 magistro
502 1408 602 1470 111666
618 1407 808 1469 Ebroiceusi
832 1405 959 1468 archid.
977 1404 1011 1466 in

215 1521 312 1567 sacra
345 1505 467 1583 pagina
495 1505 641 1582 cupienti
670 1505 804 1567 studere
833 1503 1012 1582 proventus

215 1619 292 1666 6666
315 1603 559 1665 66616616611666
578 1602 734 1664 taceretis
754 1603 883 1678 integre
906 1600 1011 1662 mini-

216 1703 332 1777 strari;
349 1716 415 1761 non
430 1703 541 1762 tamen
556 1700 720 1772 uolumus,
742 1714 803 1761 nec
818 1700 940 1761 nostrae
955 1699 1012 1759 iu·

214 1800 372 1861 tentiouis
395 1799 532 1867 exstitit,
549 1799 584 1859 ut
595 1797 804 1876 quotidianas
819 1797 896 1857 illas
907 1795 1012 1856 retri-

214 1896 378 1968 butiones
396 1912 468 1974 qnae
480 1898 607 1957 tantum
623 1894 844 1957 residentibus
859 1894 894 1955 in
909 1893 1014 1955 eccle·

217 1996 287 2067 6116,
313 1995 346 2055 61
368 1993 421 2054 1116
443 1993 499 2071 qui
524 1993 617 2054 boris
640 1992 807 2055 intersunt
838 1991 1011 2054 canonicis

216 2092 426 2165 exhibentur,
443 2092 474 2152 ei
489 2090 590 2152 tribui
604 2090 747 2152 16616116.

216 2348 338 2407 Priori
362 2343 418 2425 (6)
446 2347 643 2406 1166161666.
675 2343 794 2416 eiecto,
816 2343 1013 2409 cartrerarto

460 2451 591 2518 nostro,
616 2452 680 2524 Ap.
702 2452 738 2510 S.
760 2453 782 2509 1.

516 2706 652 2767 CAPUT
674 2705 715 2764 ΙΙ.

259 2874 448 2946 Quaesivisti
468 2873 610 2948 anobis,
633 2875 743 2936 utrum
764 2873 905 2936 clericus
927 2871 1015 2933 obti-

218 2987 301 3033 nens
316 2970 512 3034 beneficium
528 2973 613 3050 quod
633 2987 747 3033 curam
766 2970 866 3032 babet
880 2970 1013 3049 anima·

218 3085 292 3129 rum
311 3086 489 3143 annexam,
513 3069 697 3147 recipiendi
725 3068 1014 3130 archidiaconatus

219 3168 374 3240 odicium,
393 3170 425 3231 et
439 3169 612 3246 utrumque
624 3166 791 3229 retinendi
806 3165 945 3226 liberam
960 3163 1015 3224 ob·

217 3266 323 3328 tineat
344 3264 468 3344 absque
489 3265 736 3343 dispensatione
757 3263 853 3324 Sedis
872 3262 1015 3338 Aposto-

217 3360 292 3423 licae
316 3361 518 3424 facultatem.
540 3364 590 3422 Tu
612 3362 722 3422 autam
737 3376 837 3436 quum
858 3358 1014 3433 ignorare

219 3475 285 3520 non
300 3459 421 3521 debeas
440 3460 526 3537 quod
546 3458 744 3520 beneficium
759 3457 800 3517 ad
822 3455 910 3534 quod
935 3470 1014 3515 cura

219 3558 362 3635 pertinet
384 3557 571 3618 animarum
590 3571 766 3633 personam
788 3554 911 3629 exigat,
941 3567 1014 3629 quae

219 3653 440 3733 personaliter
457 3654 493 3715 in
516 3654 590 3731 ipso
613 3652 773 3727 resideat3
794 3650 881 3712 etad
897 3648 1014 3710 archi-

219 3752 395 3814 diaconum
418 3752 554 3829 spectet,
577 3750 617 3811 de
642 3748 694 3810 bis
719 3764 791 3827 quae
817 3745 1015 3825 inquirenda

258 4041 299 4116 (1)
315 4042 353 4103 Ce
365 4042 429 4102 titre
447 4048 492 4100 est
505 4041 532 4099 16
546 4042 577 4099 11ο
590 4039 663 4098 daus
682 4038 708 4096 ln
734 4036 902 4110 compilatio
918 4037 1016 4109 prima

220 4120 249 4171 et
263 4113 336 4171 dans
347 4114 389 4171 les
403 4113 511 4171 11116161.
526 4112 735 4184 Gre'porieanes.

256 4218 298 4292 (a)
316 4219 419 4277 Abbati
432 4222 459 4278 S.
476 4221 626 4291 Gonoussa.
639 4217 753 4285 166661,
766 4217 812 4274 vel
823 4214 954 4282 6661661,
968 4214 1015 4271 uel

223 4292 372 4361 barberto,
390 4292 453 4349 sive
475 4291 610 4359 llutrsrto,
625 4298 673 4347 aut
688 4289 811 4347 lieberto
828 4286 865 4345 de
880 4286 1015 4343 tlrrnitate

220 4363 345 4422 btilonis.
370 4362 406 4420 lli
430 4362 507 4420 euim
534 4377 635 4420 omues
660 4360 792 4418 vixerunt
817 4357 870 4415 sub
890 4358 1016 4415 Honorio

220 4442 328 4578 nolstro.
345 4434 416 4494 Vide
431 4437 544 4493 Petrum
556 4433 584 4491 le
600 4435 674 4506 luge
684 4434 713 4490 in
735 4430 865 4488 Historia
882 4431 911 4486 S.
930 4430 1015 4485 6666-

218 4521 251 4564 6(
264 4523 298 4565 a.
358 4552 361 4557 4

257 4611 297 4685 (b)
308 4606 805 4673 1161616611616616.Ν6161666616,
819 4604 863 4662 vel
879 4604 1017 4662 Nordovi·

220 4684 316 4739 censis
329 4683 426 4755 episco
448 4696 481 4737 us
496 4682 524 4737 in
547 4679 663 4753 Anglia,
680 4677 733 4735 sub
751 4676 948 4736 cantuariensi
969 4692 1013 4732 ur·

219 4754 415 4825 chlepiscopo,
459 4752 575 4807 orwict.

257 4860 334 4917 Sicut
348 4858 420 4915 duas
435 4856 590 4930 dignitates
604 4854 734 4913 obtinere
746 4854 774 4910 in
785 4853 907 4911 diversis
921 4854 1013 4911 eccle·

220 4932 273 4988 siis
287 4944 372 4986 nemo
385 4935 488 5001 potest,
499 4942 563 5000 666.
577 4924 808 4997 praterea,apud
817 4926 948 4997 drogon,
959 4925 1014 4982 boc

221 5003 275 5068 tit,
285 5001 323 5058 ita
336 5015 390 5057 nec
402 4998 571 5056 dicuitatem
586 4995 833 5054 archidiaconatus
847 4994 930 5052 simul
946 5011 1013 5053 cum

218 5073 339 5130 ecclesia
356 5042 664 5150 6616616611666666.
681 5065 761 5135 Quod
776 5073 872 5123 tamen
887 5068 1011 5124 666611-

217 5159 274 5218 qne
287 5157 387 5201 verum
398 5141 513 5215 quidam
528 5140 740 5209 existimaruo13
756 5138 810 5194 6161
821 5137 1014 5197 tuncdemum

1799 302 1862 362 27ss

1065 452 1152 522 sunt,
1175 452 1332 529 tanquam
1359 452 1506 530 episcopi
1530 453 1660 516 oculum
1682 455 1860 534 indagare;

1066 550 1200 626 propter
1214 548 1276 612 boc
1290 552 1444 612 neutrum
1459 550 1544 614 bene
1558 556 1697 630 peraget
1711 557 1861 632 cogitans

1065 647 1106 707 (16
1119 649 1257 724 utroque
1273 668 1281 707 :
1298 648 1375 725 qnid
1392 649 1436 710 sit
1454 666 1554 726 super
1575 651 1765 728 eligendum
1781 657 1861 716 satis

1067 744 1159 821 potes
1172 759 1374 821 cognoscere
1388 762 1449 823 per
1461 748 1616 824 teipsum.

1229 980 1397 1055 Episcopo
1423 983 1622 1055 i'esprincn.
1646 976 1694 1061 (c)

1360 1176 1497 1238 CAPUT
1519 1178 1574 1238 ΙΙΙ.

1106 1315 1297 1393 Exposuisti
1309 1316 1405 1379 nobis
1420 1318 1454 1378 in
1468 1320 1581 1381 nostra
1593 1319 1775 1395 praesentia
1790 1335 1865 1379 cou-

1066 1412 1210 1486 stitutus,
1228 1414 1313 1491 quod
1341 1414 1492 1477 ecclesia
1513 1416 1578 1477 1666
1593 1416 1748 1477 66666161
1761 1416 1864 1475 dimi·

1066 1511 1145 1571 nuta
1168 1511 1315 1587 ipsorum
1339 1513 1529 1588 provisione
1550 1528 1570 1574 6
1598 1513 1749 1589 tempore
1771 1515 1862 1573 Gon-

1067 1607 1137 1669 cilii
1147 1609 1326 1683 generalis,
1337 1624 1437 1687 quum
1448 1609 1497 1670 eis
1508 1626 1551 1671 ex
1562 1610 1641 1672 tune
1655 1626 1723 1670 non
1738 1610 1865 1670 suerint

1067 1704 1108 1765 ad
1122 1720 1237 1766 eorum
1251 1706 1524 1769 sustentationem
1534 1722 1702 1769 concessae
1710 1706 1862 1783 capellae,

1067 1801 1257 1864 sicutautea
1265 1803 1339 1864 tieri
1347 1805 1529 1876 consuerit,
1538 1804 1580 1866 de
1588 1804 1774 1866 redditibus
1782 1819 1865 1880 prae·

1067 1898 1248 1961 bandarum
1256 1917 1404 1975 suarum,
1413 1918 1513 1979 quum
1521 1902 1660 1962 nimium
1668 1902 1861 1972 sistendos,

1066 1999 1234 2074 nequeunt
1257 1998 1453 2074 sustentari3
1484 2001 1618 2076 propter
1643 1998 1730 2076 quod
1750 1998 1865 2075 plures

1067 2094 1226 2172 ipsorum,
1241 2096 1356 2157 eadem
1369 2096 1485 2158 relicta
1500 2097 1653 2167 ecclesia,
1666 2097 1700 2157 iu
1715 2095 1865 2172 eiusdem

1067 2194 1099 2254 et
1112 2192 1287 2255 clericatus
1308 2195 1471 2269 coguntur
1491 2193 1704 2270 opprobrium
1719 2193 1864 2254 aliorum

1067 2306 1103 2350 se
1118 2290 1285 2368 obsequiis
1293 2291 1494 2367 mancipare.
1506 2290 1599 2352 Unde
1607 2290 1782 2352 humiliter
1791 2308 1865 2367 sup

1068 2388 1209 2464 plicasti,
1226 2389 1263 2449 ut
1276 2388 1317 2449 de
1334 2388 1471 2465 capellis
1488 2388 1613 2449 eisdem
1637 2388 1863 2466 precisionem

1068 2485 1258 2546 eorumdem
1277 2485 1318 2547 de
1332 2486 1446 2548 nostra
1465 2485 1684 2563 permissione
1706 2486 1770 2547 tibi
1790 2502 1865 2546 am-

1069 2582 1173 2659 pliare
1199 2583 1326 2644 liceret.
1352 2583 1435 2655 Quia
1457 2599 1538 2644 vero
1563 2599 1623 2660 per
1645 2583 1710 2644 boc
1731 2584 1866 2645 statutis

1068 2680 1285 2757 derogaretur
1300 2680 1448 2757 ejusdem
1476 2680 1617 2741 concilii
1642 2696 1715 2758 quae
1735 2682 1866 2742 serrari

1068 2775 1218 2836 uolumus
1233 2775 1440 2847 inconcusse,
1455 2776 1489 2837 te
1503 2775 1540 2836 in
1555 2775 1618 2837 bac
1633 2776 1727 2853 parte
1742 2776 1867 2853 66661-

1067 2873 1175 2934 rimus
1196 2874 1366 2935 exaudire.
1392 2876 1514 2936 Verum
1527 2873 1660 2934 illorum
1676 2866 1867 2950 paupertati

1068 2972 1206 3049 paterno
1221 2971 1458 3049 compatientes
1480 2970 1612 3043 6116616,
1632 2971 1666 3032 61
1682 2970 1743 3032 tibi
1764 2971 1868 3032 etiam

1068 3069 1165 3145 prout
1176 3069 1326 3145 exposcit
1337 3067 1524 3129 devotionis
1538 3068 1604 3129 tuae
1620 3067 1776 3129 meritum
1788 3084 1869 3143 gra-

1067 3165 1148 3226 tiam
1166 3165 1278 3225 1666116
1297 3165 1478 3241 666166166,
1499 3164 1522 3224 1.
1541 3165 1564 3225 1.
1581 3163 1622 3225 de
1643 3178 1709 3241 qua
1732 3163 1868 3240 plenam

1068 3262 1222 3323 fiduciam
1237 3261 1424 3323 obtinemus
1438 3262 1653 3339 praesentium
1667 3261 1868 3322 auctoritate

1068 3359 1273 3432 mandamus,
1299 3360 1336 3421 ut
1358 3359 1387 3419 si
1418 3359 1554 3420 evidens
1586 3357 1783 3429 necessitas,
1813 3359 1868 3418 rel

1069 3458 1196 3519 utilitas
1215 3457 1338 3533 exigat,
1364 3454 1560 3533 praebendas
1588 3455 1697 3532 possis
1714 3455 1868 3532 ejusdem

1068 3555 1219 3617 ecclesiae
1241 3542 1282 3615 de
1301 3553 1441 3630 capellis
1462 3554 1497 3614 in
1523 3553 1716 3629 perpetuum
1738 3567 1869 3612 annec-

1068 3653 1176 3715 tendis
1191 3651 1326 3723 eisdem,
1343 3650 1429 3711 sicut
1442 3650 1643 3711 discretione
1658 3649 1785 3726 praevia
1800 3665 1867 3710 ex·

1069 3751 1183 3829 pedire
1203 3749 1331 3812 rideris
1347 3747 1575 3825 augmentare,
1592 3748 1764 3808 reseruata
1786 3763 1871 3809 con·

1069 4052 1157 4109 6666(
1179 4035 1397 4094 archidiaconus
1415 4034 1502 4093 babet
1517 4049 1615 4093 curam
1629 4034 1801 4100 animarum,
1830 4031 1871 4090 de

1070 4124 1126 4181 quo
1137 4108 1257 4181 intelligi
1267 4106 1361 4176 debet,
1373 4107 1536 4179 capania,
1548 4105 1854 4174 intremiscent.

1069 4183 1116 4236 cut
1135 4178 1283 4236 coad'utor
1307 4177 1418 4235 dandus
1444 4184 1488 4234 est
1530 4185 1625 4250 raptet·
1648 4175 1800 4245 morbum;
1830 4145 1870 4230 ad

1070 4248 1146 4380 guod
1168 4195 1280 4306 videtur
1302 4247 1398 4307 iacere
1422 4193 1575 4305 6666111661
1599 4246 1812 4312 Tridentiuum,
1838 4253 1871 4300 et

1091 4320 1273 4394 ongregatio,
1283 4319 1318 4376 ad
1330 4334 1393 4392 666.
1405 4319 1449 4387 11,
1463 4333 1534 4376 sess.
1549 4318 1605 4387 at,
1618 4318 1662 4374 vel
1674 4332 1739 4374 cum
1752 4315 1871 4387 dispen-

1069 4394 1181 4449 satione
1195 4390 1277 4448 sedis
1295 4388 1581 4463 1666161166,611116
1603 4387 1717 4445 dicitur.
1738 4388 1806 4455 Quae
1825 4394 1871 4443 ta·

1070 4476 1137 4519 meu
1149 4461 1307 4519 11111666ιί6
1327 4460 1498 4535 dignitatum
1518 4474 1617 4518 euram
1639 4460 1800 4515 animarum
1813 4455 1870 4514 ha·

1070 4533 1197 4590 beatium
1219 4547 1285 4589 cum
1310 4532 1374 4589 aliis
1388 4529 1510 4588 nonfuit
1524 4530 1648 4587 admissa
1662 4529 1764 4611 priscis
1778 4542 1870 4584 cano·

1070 4604 1154 4661 nibus
1185 4605 1214 4661 in
1244 4605 1313 4662 Can.
1340 4602 1506 4660 1566661111
1529 4602 1745 4672 constantinop.
1779 4602 1806 4667 t,
1832 4598 1873 4655 ad

1070 4690 1155 4748 quem
1170 4675 1302 4732 Balsama
1317 4681 1395 4730 notat
1417 4673 1548 4740 abusum,
1568 4686 1625 4745 quo
1646 4671 1675 4727 in
1696 4670 1798 4743 regina
1818 4683 1870 4726 ur·

1069 4748 1147 4802 bium
1161 4744 1406 4827 Constantinopoli
1420 4758 1478 4800 non
1492 4744 1585 4800 solum
1600 4741 1721 4810 duabus,
1741 4740 1793 4798 sed
1807 4741 1872 4813 plu·

1070 4817 1148 4874 ribus
1162 4816 1292 4874 ecclesiis
1306 4814 1421 4888 quidam
1438 4814 1675 4888 praeficiebantur.

1105 4924 1144 4998 (6)
1157 4924 1292 4993 Episcopo
1315 4919 1735 4993 1666166661.166666166616
1755 4919 1872 4991 episco-

1068 4994 1303 5070 6661666116,
1332 4992 1361 5048 iu
1387 4992 1545 5065 lluugaria,
1570 4990 1624 5048 sub
1647 4990 1873 5062 archiepiscopo

1069 5065 1268 5139 strigoniensi.
1289 5063 1408 5137 Reginae
1420 5072 1463 5121 est
1477 5063 1676 5131 cancellarius,
1694 5068 1723 5119 et
1737 5076 1804 5118 eam
1818 5076 1871 5118 co·
1979 5100 1980 5127 ,

1070 5151 1172 5196 sonare
1186 5136 1269 5193 66161.
