3936 6182
227 358 288 418 aas
511 402 515 419 .
691 309 868 417 666666
889 354 934 415 111
956 354 1160 416 66666-
1174 355 1406 419 66666666.
1823 358 1880 422 666

230 516 347 579 heatus
372 516 409 578 in
436 517 543 590 utere,
582 515 733 578 inomni
766 513 968 578 abstinentia
993 514 1026 577 et
1080 515 1250 591 cognoscit
1274 531 1310 578 se
1326 515 1511 580 involutum
1526 515 1683 595 peccatis,
1705 517 1809 580 toties
1820 519 1879 580 de-

230 613 427 677 castimonia
459 613 576 675 vivens
610 614 646 675 in
677 614 807 675 deserto
839 613 1025 689 praedicans
1079 611 1135 674 bet
1149 613 1281 675 mittere
1304 614 1386 676 duos
1408 613 1590 692 discipulos
1609 630 1688 678 suos
1708 616 1753 677 ad
1766 617 1877 693 perci-

228 712 365 774 verbum
379 710 541 773 veritatis.
557 711 817 772 Poniturtamen
834 710 868 770 in
882 710 1025 771 vinculis
1080 709 1235 787 piendam
1249 711 1392 787 gratiam
1409 711 1603 774 Salvatoris.

229 810 266 872 ut
279 809 391 871 divino
407 808 534 887 jndicio
550 808 603 869 his
619 809 676 886 qui
695 824 761 869 non
779 808 949 869 merentur
963 824 1026 868 66-
1121 808 1185 868 Sed
1207 810 1296 882 nota,
1320 809 1406 886 quod
1427 812 1573 871 ioannes
1592 810 1779 888 discipulos
1805 828 1878 873 suos

230 908 311 979 dire,
337 906 553 968 subtrahatur
576 906 767 982 praedicatio
782 906 946 968 veritatis.
971 905 1026 965 Si·
1080 904 1121 965 ad
1144 908 1257 967 tesam
1284 922 1350 968 non
1373 907 1533 980 misisset,
1570 908 1636 968 nisi
1666 909 1704 968 in
1737 910 1877 970 66666666

228 1006 354 1067 militer
380 1004 480 1066 hodie
506 1003 753 1065 subtrahitura
779 1003 904 1064 multis.
931 1002 1025 1064 Unde
1080 1002 1201 1064 Christi
1228 1018 1329 1081 opera
1350 1004 1542 1067 audivisset.
1566 1008 1646 1077 Quae
1668 1006 1750 1067 sunt
1778 1006 1877 1082 igitur

229 1103 436 1179 Gregorius:
458 1100 612 1163 ‹Subtili
641 1101 834 1177 occultoque
853 1100 980 1177 jndicio
1004 1115 1025 1161 a
1080 1115 1179 1176 opera
1195 1116 1268 1177 quae
1291 1100 1471 1162 audiuntur
1489 1117 1510 1162 a
1528 1104 1681 1164 Joannet
1703 1104 1774 1164 Aut
1794 1119 1875 1180 quo-

228 1199 446 1278 quorumdam
458 1198 595 1259 auribus
608 1198 800 1275 praedicatio
815 1198 930 1259 sancta
946 1197 1026 1258 sub-
1080 1196 1175 1257 modo
1190 1200 1329 1274 possunt
1351 1214 1451 1274 opera
1476 1199 1598 1267 audiri,
1624 1201 1747 1261 einen
1772 1200 1878 1277 potius

227 1299 383 1368 trahitur,
410 1296 487 1374 quia
520 1295 674 1356 suscitari
703 1295 932 1373 pergratiam
959 1311 1025 1356 non
1080 1294 1331 1373 videritOpera
1349 1295 1469 1357 Christi
1486 1298 1563 1358 sunt
1580 1297 1743 1357 mundum
1759 1296 1879 1373 guber-

227 1396 407 1456 merentur.
424 1411 442 1454 »
457 1394 497 1455 Et
513 1393 740 1468 Augustinus:
759 1393 920 1454 «Praesto
938 1408 1027 1453 sem·
1079 1407 1171 1462 nare,
1189 1392 1350 1461 calestia,
1361 1393 1533 1455 terrestria
1544 1394 1577 1454 et
1589 1393 1777 1455 infernalia
1792 1395 1879 1456 ordi-

228 1510 287 1572 per
301 1495 352 1555 est
362 1492 482 1569 gratia,
495 1507 567 1569 quse
578 1507 644 1552 non
657 1490 782 1552 recedit
791 1491 857 1552 nisi
870 1492 1022 1568 expulsa,
1079 1504 1171 1550 nare.
1186 1490 1557 1568 Deniquequaeeumque
1567 1490 1725 1553 videntur
1738 1492 1778 1553 in
1788 1507 1879 1554 crea-

228 1593 261 1654 et
279 1608 346 1652 non
368 1590 547 1651 revertitur
572 1588 639 1648 nisi
664 1604 723 1665 per
746 1589 1024 1665 poenitentiam.»
1079 1588 1175 1659 turis,
1195 1590 1272 1650 sunt
1290 1603 1392 1666 66666
1414 1590 1607 1651 salvatoris.
1631 1593 1744 1667 Opera
1757 1590 1878 1652 Christi

268 1688 331 1749 Sed
352 1686 500 1764 alioquin
515 1686 567 1747 vir
590 1685 696 1746 bonus
711 1685 845 1762 ponitur
859 1686 894 1746 66
907 1687 1026 1747 66666-
1079 1686 1219 1748 amultis
1232 1686 1396 1757 videniur,
1408 1703 1428 1747 a
1441 1687 1556 1763 paucis
1568 1687 1767 1749 audiuntur.
1775 1691 1879 1766 Opera

226 1785 280 1858 166,
296 1785 392 1856 66666,
409 1783 567 1859 alligatur
582 1784 736 1860 peccatis.
753 1785 793 1844 Et
812 1784 1025 1862 6666666666
1079 1783 1211 1845 Domini
1226 1782 1340 1845 vident
1354 1783 1410 1860 qui
1430 1767 1554 1845 coelum¹
1565 1784 1598 1845 et
1617 1784 1747 1846 terram
1763 1788 1799 1847 66
1810 1800 1877 1862 qua

225 1883 388 1944 malitiam
400 1881 552 1953 Herodis,
564 1881 660 1953 idest,
672 1880 888 1942 tentationem
900 1881 1025 1942 daemo-
1078 1881 1114 1941 in
1135 1880 1184 1942 eis
1205 1880 1282 1942 sunt
1303 1881 1484 1943 intuentur.
1510 1884 1618 1958 Opera
1637 1898 1720 1945 6666
1748 1882 1878 1945 Domini

227 1981 291 2052 nis,
311 1980 388 2057 quia
413 1979 580 2040 daemones
606 1978 771 2039 neminem
794 1977 963 2040 dimittunt
976 1979 1025 2039 in·
1078 1978 1217 2040 audiunt
1231 1979 1288 2056 qui
1304 1994 1348 2040 66
1366 1978 1553 2041 visibilibus
1571 1980 1751 2052 creaturis,
1768 1983 1879 2043 Domi-
1961 2008 1962 2013 ¹

226 2080 398 2143 tentatum.
413 2077 508 2138 Unde
521 2077 702 2152 Gregorius
717 2098 724 2135 :
741 2093 760 2136 6
775 2076 895 2137 Ν61166
908 2076 943 2136 66
960 2076 1024 2137 hae
1078 2093 1156 2137 num
1176 2074 1378 2137 invisibilem
1395 2078 1608 2153 cognoscunt.
1628 2077 1725 2139 Unde
1736 2080 1879 2155 Aposto-
1961 2064 1962 2091 ³

224 2176 294 2240 vita
306 2178 473 2254 justorum
489 2174 581 2236 venit
605 2173 661 2250 qui
682 2189 749 2235 non
764 2174 893 2250 antiqui
917 2173 1023 2236 hostis
1078 2173 1151 2234 lus:
1170 2177 1362 2236 Invisibilia
1380 2177 1479 2236 Deia
1498 2175 1665 2237 creatura
1677 2179 1807 2237 macrini
1815 2192 1879 2250 per

226 2290 345 2352 passus
358 2273 403 2334 sit
421 2271 589 2332 insidia.»
611 2272 651 2333 Et
666 2272 754 2343 nota,
770 2271 856 2349 quod
869 2271 1024 2348 iniquita·
1078 2286 1119 2333 ca
1139 2287 1216 2346 aare
1238 2272 1330 2346 facta
1351 2272 1433 2333 sant
1456 2272 1625 2334 intellecta
1654 2277 1876 2348 conspician-

223 2373 285 2445 tes,
302 2371 384 2432 vitia
399 2370 432 2432 et
449 2371 596 2447 peccata,
622 2370 655 2431 66
673 2385 785 2446 pravae
801 2369 1022 2445 cogitationes
1079 2369 1147 2430 tnr.
1171 2370 1282 2447 (Rom.
1299 2384 1322 2441 1,
1342 2367 1408 2447 20).
1430 2371 1467 2430 In
1483 2369 1713 2445 magnitudine
1734 2386 1877 2448 namque

223 2470 378 2531 dicuntur
397 2467 543 2540 vincula,
571 2467 649 2543 quia
671 2466 758 2527 66666
780 2466 925 2528 66666166
950 2466 1022 2528 ads·
1078 2466 1164 2539 66616,
1181 2466 1435 2528 immensitatem
1457 2466 1516 2527 Dei
1540 2482 1717 2543 possumus
1737 2484 1877 2545 cognos-

223 2566 382 2642 tringitur
399 2580 488 2637 caro,
512 2580 554 2625 66
568 2563 750 2641 procedere
765 2563 877 2625 valeat
889 2579 950 2641 666
968 2580 1024 2624 vo·
1078 2580 1164 2636 cere,
1188 2580 1262 2640 quae
1280 2563 1510 2641 complectitur
1523 2564 1691 2626 universa.
1714 2567 1875 2638 Quoniam

225 2663 352 2725 lentate
373 2678 444 2733 sua,
466 2662 514 2723 ita
530 2662 674 2739 peccatis
693 2660 817 2737 ligatur
836 2661 958 2734 anima,
981 2678 1022 2723 ne
1077 2661 1107 2721 si
1120 2661 1198 2723 talis
1213 2664 1437 2733 estcreatura,
1451 2661 1559 2739 qualis
1574 2664 1624 2723 est
1636 2664 1876 2725 CreatortAli·

227 2760 271 2822 sit
290 2760 327 2820 in
346 2759 443 2820 bonis
460 2757 616 2834 operibus
632 2758 796 2834 expedita.
817 2758 910 2820 Unde
927 2758 1023 2820 Salo-
1076 2759 1149 2819 ter:
1170 2773 1270 2834 opera
1292 2757 1416 2819 Christi
1432 2760 1509 2820 suut
1528 2759 1761 2821 misericordia
1774 2763 1808 2823 66
1820 2777 1876 2823 ve-

227 2874 304 2919 mon
314 2857 350 2918 in
359 2854 549 2917 Proverbiis
562 2876 570 2915 :
582 2855 787 2929 iniquitates
800 2871 873 2917 sna
882 2857 1023 2930 capitent
1076 2855 1168 2916 66666.
1189 2857 1226 2915 66
1240 2855 1470 2916 misericordia
1486 2856 1660 2918 salvantur
1668 2859 1872 2934 peccatores,

226 2958 384 3030 impiant,
405 2954 438 3015 et
459 2954 598 3028 tnnwns
630 2953 851 3026 peccatoram
876 2968 1022 3014 sacram
1076 2952 1109 3014 et
1123 2953 1309 3015 inveritate
1326 2952 1529 3030 judicantur.
1557 2954 1641 3025 Quia
1668 2955 1720 3017 sia
1748 2956 1875 3032 oportet

225 3052 468 3128 adstringitur.
481 3048 594 3130 (Prov.
605 3064 638 3122 v,
650 3048 716 3128 22).
726 3049 920 3126 iniquitates
934 3066 1019 3126 suae3
1077 3049 1186 3111 lacere
1211 3049 1486 3123 misericordiam,
1508 3051 1595 3129 quod
1616 3068 1684 3112 non
1710 3053 1874 3116 discordet

225 3150 304 3211 sunt
316 3149 398 3211 vitia
411 3148 444 3210 et
460 3148 606 3225 peccata,
623 3147 860 3209 delectationes
879 3148 912 3210 et
932 3148 1023 3209 desi·
1076 3164 1095 3208 a
1106 3146 1243 3225 judicio.
1267 3148 1361 3210 Unde
1380 3148 1484 3210 David
1510 3171 1518 3208 :
1540 3152 1825 3213 Misericordiam
1842 3153 1874 3213 ei

224 3247 318 3310 deria
330 3247 429 3309 mala.
444 3246 511 3308 ista
522 3244 637 3308 tenent
654 3247 860 3322 peccatorem
876 3247 1018 3323 captum,
1068 3247 1241 3318 justiciam
1252 3246 1396 3307 6666666
1407 3246 1477 3319 tibi,
1490 3249 1648 3308 Domine.
1662 3244 1734 3326 (Ρ6.
1749 3248 1871 3327 100,1).

225 3346 313 3408 66666
337 3345 488 3421 ligatum.
510 3346 550 3404 Et
571 3343 657 3404 sieut
677 3358 797 3419 corpus
822 3343 945 3419 ligatur
961 3360 1022 3421 per
1075 3345 1121 3404 De
1154 3342 1207 3402 his
1229 3342 1356 3403 duobus
1380 3343 1502 3405 dicitur
1525 3344 1560 3404 in
1575 3345 1796 3407 Proverbiis:
1813 3349 1873 3414 Qut

223 3444 319 3507 tunes
340 3444 372 3505 66
395 3442 462 3505 6166
481 3441 672 3518 ligamenta,
696 3440 742 3502 ita
764 3441 875 3502 anima
897 3442 1021 3518 ligatur
1074 3441 1231 3515 seqnitur
1260 3442 1440 3513 justitiane
1467 3442 1502 3503 et
1528 3445 1812 3505 666666666ναὶ666
1841 3446 1873 3507 et

223 3558 284 3618 per
304 3541 500 3618 iniquitates
524 3540 558 3603 66
580 3539 732 3610 crimina,
758 3554 800 3599 na
819 3540 923 3616 possit
947 3556 1020 3601 esse
1074 3539 1270 3610 veritatem,
1291 3539 1445 3600 treceniet
1467 3540 1575 3601 ettam
1597 3541 1632 3602 et
1644 3542 1828 3614 justitiam
1841 3543 1872 3605 et

224 3638 329 3699 libera
349 3639 383 3699 66
403 3637 590 3699 6616666666
612 3636 647 3696 66
669 3635 823 3712 operibus
848 3636 955 3698 bonis.
980 3640 1021 3699 Et
1073 3637 1231 3708 aleriam.
1249 3630 1362 3712 (Prov.
1378 3649 1449 3705 666,
1464 3632 1530 3712 21).

224 3735 404 3810 Gregorius
419 3751 461 3794 :e
484 3734 608 3795 Reatus
632 3733 737 3810 culpae
762 3733 844 3809 ligat
865 3735 1017 3808 mentem,
1115 3731 1251 3803 Quando
1266 3731 1387 3808 aliquis
1407 3734 1562 3809 peccator
1584 3732 1736 3796 detentus
1758 3735 1873 3797 multis

224 3848 267 3894 ne
282 3847 418 3908 surgere
433 3829 538 3908 possit
559 3830 601 3890 ad
615 3829 857 3891 rectitudinem.
874 3835 952 3893 »De
966 3833 1020 3894 his
1074 3828 1269 3889 criminibus
1281 3828 1374 3890 audit
1388 3844 1489 3906 opera
1504 3830 1640 3903 Christi,
1658 3831 1755 3903 idest,
1772 3833 1874 3894 iutel-

223 3930 369 3992 vinculis
396 3929 443 3990 ait
459 3928 589 3988 isaias:
612 3930 711 3988 Solae
731 3929 867 3991 eisecnta
880 3933 954 3991 celii
969 3931 1019 3992 tat
1073 3925 1147 4001 ligit
1167 3926 1253 4003 quod
1270 3925 1329 3986 alii
1353 3925 1526 3988 salvantur
1549 3927 1798 4001 misericordia,
1815 3930 1872 3991 alii

223 4030 361 4104 captiva
374 4028 447 4100 tilia
459 4028 553 4087 Sion.
571 4023 627 4103 (ls.
642 4039 700 4093 Lu,
715 4022 761 4103 2).
1073 4024 1273 4085 damnantur
1290 4024 1442 4093 veritate,
1465 4025 1565 4088 mittit
1590 4025 1674 4087 duos
1691 4026 1871 4105 discipulos

265 4127 345 4187 Sion
370 4123 608 4200 interpretatur
626 4121 773 4199 specula,
801 4123 835 4185 et
853 4123 1020 4201 signifieat
1073 4137 1150 4183 suos
1165 4122 1207 4182 ad
1221 4123 1346 4193 lesum,
1365 4121 1460 4195 idest,
1474 4122 1628 4184 timorem
1650 4125 1683 4185 et
1701 4140 1869 4188 amorem:

223 4224 372 4287 sanctam
398 4221 581 4283 Ecclesiam
605 4236 678 4298 quae
701 4221 901 4297 speculatur,
920 4224 1015 4296 idest,
1073 4219 1224 4307 timorem
1237 4235 1343 4296 poenae
1356 4218 1490 4291 interni,
1512 4222 1545 4282 et
1564 4237 1713 4283 amorem
1729 4224 1870 4286 ccelesiis

223 4320 464 4400 contemplatur
476 4319 635 4381 coelestia.
658 4318 744 4380 Filia
761 4319 840 4380 Sion
862 4321 912 4383 est
928 4337 1017 4383 una·
1072 4314 1198 4391 gloriae.
1224 4315 1386 4392 Discipuli
1409 4314 1565 4376 dicuntur
1581 4332 1601 4377 a
1620 4317 1802 4395 disciplina
1816 4320 1870 4381 aut

223 4436 362 4501 quaeque
387 4420 474 4481 bona
496 4418 619 4486 anima,
636 4433 709 4494 quae
726 4417 805 4479 tune
820 4417 1015 4494 captivatur,
1073 4411 1285 4484 ediscendo,
1309 4413 1387 4490 quia
1410 4413 1528 4474 timere
1551 4413 1676 4475 malum
1705 4417 1741 4478 et
1766 4416 1870 4479 faeere

222 4514 730 4598 quandopropterpeccatumin
743 4515 1017 4592 potestatemdae-
1071 4508 1194 4571 benum
1217 4510 1377 4586 sapientis
1405 4510 1438 4572 et
1459 4510 1662 4588 disciplinati
1691 4515 1754 4576 est.
1783 4517 1869 4576 Unus

221 4618 409 4679 mentorum
434 4613 541 4675 datur.
573 4612 715 4673 Vincula
741 4612 818 4674 colli
840 4615 913 4691 ejus
941 4614 1018 4675 sunt
1071 4607 1435 4681 dicitvidelicetamor,
1451 4609 1489 4669 tn
1504 4624 1541 4670 es
1555 4613 1614 4683 qai
1628 4612 1869 4674 venturusest

221 4713 358 4789 peccata
378 4727 450 4787 quae
475 4708 670 4784 impediunt,
695 4726 737 4769 ne
759 4712 914 4785 peccator
937 4726 1016 4773 vere
1071 4705 1167 4779 idest,
1184 4706 1221 4767 tu
1239 4721 1275 4766 es
1290 4705 1382 4767 salus
1397 4722 1496 4783 quam
1512 4723 1555 4767 66
1568 4723 1690 4782 magno
1706 4708 1869 4771 desiderio

223 4810 328 4885 possit
351 4807 512 4869 confiteri.
539 4806 603 4865 Sed
629 4806 750 4866 dicitur
777 4809 954 4881 peccatori,
981 4809 1017 4871 ut
1071 4806 1210 4881 expecto
1223 4805 1235 4863 t
1248 4803 1341 4864 Alter
1355 4803 1436 4865 dicit
1449 4805 1546 4880 quasi
1564 4804 1764 4880 dubitande,
1780 4807 1870 4868 vide-

222 4906 330 4968 solvat
339 4902 474 4966 vincula
489 4900 567 4962 colli
579 4901 641 4970 sui,
658 4901 756 4973 idest,
770 4904 905 4967 mundet
917 4922 1018 4967 cons·
1070 4902 1150 4964 licet
1167 4901 1278 4970 timor,
1301 4916 1348 4962 an
1366 4905 1474 4963 atiani
1502 4902 1730 4976 aspectamus
1750 4908 1765 4964 6
1789 4904 1872 4976 Quia

222 5002 378 5066 cientiam
391 5014 485 5061 suam
498 4997 539 5058 ab
555 4996 707 5058 omnibus
720 4998 809 5060 vitiis
824 5001 857 5063 et
871 5004 1015 5078 peccatis
1071 4999 1161 5060 aliud
1178 5000 1275 5075 pavet
1287 4998 1396 5071 timor,
1420 4999 1453 5059 66
1472 4999 1562 5059 aliud
1582 5002 1739 5077 expectat
1763 5018 1867 5064 amor.

221 5112 281 5180 per
291 5096 532 5163 contessionem
543 5094 820 5171 etpoenitentiam.
834 5100 917 5171 Quia
930 5101 1016 5163 sicut
1070 5099 1155 5157 Nam
1177 5112 1271 5157 amor
1286 5095 1392 5157 dicit:
1414 5098 1523 5157 Credo
1546 5099 1667 5158 videre
1688 5101 1778 5160 berta
1802 5103 1872 5162 Do-
1961 5084 1962 5087 ¹

221 5198 302 5260 dicit
320 5191 472 5257 Ezechiel
493 5194 733 5266 :Qaectmmne
750 5199 837 5257 bora
854 5199 1016 5271 peccator
1069 5198 1157 5255 66666
1186 5198 1223 5254 in
1251 5195 1350 5254 terra
1383 5192 1683 5273 viventianae.
1720 5199 1772 5269 26,
1804 5194 1867 5275 13).
1961 5202 1962 5205 ’

221 5307 409 5359 conscensus
422 5291 531 5365 stianit
533 5334 593 5350 .....
606 5288 1013 5374 (Ezeeh.xv111,21,22);
1069 5294 1181 5353 Timor
1199 5291 1526 5354 dicit2Nonvidebo
1547 5296 1738 5354 Dorntnnm
1757 5298 1870 5356 Decem

220 5387 649 5467 xxx111,12).ltem:cliai,
671 5391 857 5461 concitetor
866 5391 900 5451 et
913 5392 950 5451 ta
962 5408 1016 5453 re·
1069 5396 1106 5452 in
1125 5392 1223 5452 terra
1242 5389 1445 5450 6666666666.
1466 5388 1596 5450 Aliter:
1617 5392 1726 5466 Opera
1745 5391 1870 5453 Christi

219 5490 357 5552 66666666.
376 5485 444 5566 (Ρ6.
468 5488 519 5559 31,
543 5485 588 5565 5.)
607 5487 742 5558 Quoties
755 5486 858 5560 igitur
869 5490 1014 5551 loannes
1069 5488 1147 5549 sunt
1171 5485 1257 5564 quod
1292 5485 1389 5547 electi
1419 5485 1622 5547 suscitantur
1655 5487 1696 5548 de
1729 5489 1871 5566 pulvere

221 5588 354 5667 ponitur
364 5587 399 5647 in
412 5584 566 5655 vinculis,
581 5584 681 5646 mittit
693 5583 775 5644 duos
787 5599 830 5643 66
841 5584 1014 5664 discipulis
1069 5584 1194 5657 mnndi,
1205 5585 1238 5646 et
1248 5584 1453 5647 collocantur
1463 5601 1537 5645 cum
1552 5585 1772 5662 principibus
1783 5587 1871 5649 idest

221 5686 290 5747 suis
305 5684 345 5747 ad
358 5687 489 5759 lesum:
505 5681 601 5759 66666
614 5681 723 5742 dicat:
741 5681 875 5753 Quoties
888 5684 1013 5748 electus
1069 5700 1143 5745 cunr
1165 5682 1300 5758 Angelis
1315 5682 1385 5743 Ilei.
1407 5681 1500 5744 Unde
1519 5681 1641 5743 dicitur
1655 5683 1691 5744 in
1712 5685 1869 5748 Cantico:
