3980 6198
235 260 289 318 lai

234 441 432 517 surreptum,
450 456 509 502 seii
524 440 670 518 nirglicis
681 441 870 517 Juramento
886 442 1025 505 firman-

232 536 332 610 tibus,
345 536 431 615 quod
446 538 592 600 creditur
606 541 678 615 ejus
693 554 809 600 rernm
823 539 968 602 existere
976 544 1029 619 ju·

232 636 441 711 ramentum3
478 635 700 698 Hibernenses
727 636 806 699 licet
833 637 1027 700 innocentes

233 732 309 805 sint,
326 734 359 796 et
381 733 476 795 bonae
499 733 665 811 opinionis
690 751 729 796 ac
753 735 843 807 vitae,
868 752 1028 813 suamque

232 845 332 908 super
345 830 472 908 objecto
488 831 627 894 crimine
642 831 866 894 innocentiam
881 850 940 911 per
960 834 1027 897 tri-

231 927 323 1003 ginta
334 928 447 1001 testes,
464 928 517 992 vel
529 930 652 1007 plures,
670 930 736 992 sirit
748 946 891 1008 purgare
906 931 1025 1009 parati,

231 1026 272 1085 ad
285 1026 527 1089 restitutionem
538 1028 702 1105 coguntur
712 1027 940 1101 nibilominus,
951 1030 1028 1090 tan-

231 1139 330 1200 quam
355 1123 456 1186 lures.
488 1124 523 1185 Si
549 1140 627 1187 vero
649 1125 775 1203 aliquid
804 1126 1027 1189 Hibernenses

231 1219 397 1293 amittunt,
414 1221 447 1281 et
465 1236 524 1298 pro
540 1221 629 1283 certo
645 1220 754 1283 sciunt
768 1222 854 1299 quod
868 1223 1026 1299 Anglieus

231 1318 430 1395 surripuerit
444 1317 526 1379 illud
545 1319 606 1391 eis,
622 1319 721 1396 idque
745 1321 815 1380 suis
838 1321 943 1382 velint
966 1336 1026 1381 as-

230 1415 343 1477 truere
353 1416 564 1493 jnramentis
573 1416 701 1492 anglici
713 1433 827 1478 eorum
835 1420 1026 1495 jnramenta

231 1512 379 1590 recipere
402 1513 642 1587 contradicunt,
665 1514 699 1576 et
719 1514 768 1576 sie
787 1517 927 1593 utroque
946 1532 1026 1576 casu

228 1610 422 1673 conculcata
427 1611 788 1688 justitia,ecclesiis,ac
798 1628 912 1674 eorum
923 1612 1028 1674 homi·

228 1707 326 1769 nibus
340 1724 442 1785 graue
457 1710 688 1786 praejudicium
714 1710 903 1787 generatur.
921 1713 1026 1783 Quum

230 1816 309 1879 ergo
320 1803 448 1881 pondus
459 1804 493 1866 et
501 1805 639 1883 pondus,
648 1821 802 1867 mensura
816 1805 848 1867 et
858 1821 1025 1879 mensura,

230 1902 407 1979 utrumque
421 1901 645 1964 abominabile
667 1904 710 1965 sit
729 1903 815 1980 apud
838 1904 1024 1977 Dominum,

230 1998 311 2059 disc.
327 2001 350 2061 t.
365 2015 408 2060 m.
434 2001 597 2079 quatenus
621 2017 687 2062 non
713 2000 865 2064 obstante
888 2001 1026 2078 praesata

229 2096 480 2169 consuetudine,
497 2097 551 2160 rel
574 2099 685 2176 potius
707 2098 905 2176 corruptela,
928 2115 1027 2177 quam

228 2207 401 2255 censemus
413 2195 546 2271 penitus
556 2194 763 2269 abolendam,
772 2194 870 2258 dictis
878 2196 1026 2272 Anglicis

227 2391 284 2450 quo
296 2378 425 2435 omnium
441 2389 638 2437 accusatorum
650 2389 677 2438 et
691 2382 805 2439 testium
816 2381 940 2439 conditio
952 2397 1025 2439 exae-

227 2456 313 2520 quata
325 2457 395 2506 erat.
406 2452 438 2506 lii
450 2451 563 2523 legibus
575 2452 684 2520 salicis,
692 2452 768 2508 idem
780 2452 838 2511 lere
848 2453 1024 2510 servabatur.

228 2519 505 2578 Sillomanushonto
517 2524 657 2578 Frutleum
668 2538 718 2578 css
739 2523 1025 2591 ditassetsenaninta

227 2586 339 2647 duobus
353 2591 451 2649 solidis
462 2592 611 2664 culpabilis
619 2539 814 2663 judicabatun
830 2595 854 2649 si
864 2609 933 2650 vero
942 2568 1027 2652 fran-

227 2673 279 2716 cus
292 2662 462 2730 lioinanuni,
476 2664 593 2733 triginta
605 2663 713 2732 solidis,
728 2666 772 2720 ttt.
782 2664 826 2731 15,
841 2664 937 2735 leguin
953 2665 1024 2721 Sall·

229 2744 327 2791 carum
343 2746 351 2786 :
368 2732 497 2788 siniilitcr
512 2735 556 2790 ttt.
570 2733 616 2800 sl,
636 2734 660 2789 si
673 2735 818 2790 Romanus
831 2736 971 2791 Francuni
990 2735 1024 2792 li·

229 2807 328 2929 gasset
348 2802 411 2858 sine
436 2817 523 2859 caiisa
550 2803 648 2860 solidis
671 2804 720 2873 30;
744 2805 768 2861 si
783 2811 878 2861 auteur
902 2807 1027 2862 Francus

243 2875 403 2941 lemanum,
419 2873 580 2944 quindecim
597 2874 781 2946 plectebatur.

263 2942 323 3000 Nec
340 2943 443 3001 niiruni
458 2952 511 3013 est,
527 2959 578 3001 cur
593 2946 756 3002 incrimine
778 2943 843 3003 lurti
859 2946 952 3003 minor
967 2953 1024 3003 tes·

227 3012 300 3070 tium
314 3026 451 3072 numerus
465 3014 500 3071 ab
515 3015 616 3097 singlis
633 3022 732 3073 contin
748 3015 888 3073 Hibernos
907 3014 1024 3073 adhibe·

227 3082 320 3163 batur.
338 3084 420 3141 ilatio
437 3092 481 3142 est
496 3085 647 3159 imprimis,
669 3085 734 3157 quia
758 3085 803 3142 bae
818 3086 881 3143 dure
896 3088 1027 3143 nationes

227 3153 282 3211 sibi
310 3154 433 3212 invicem
458 3155 577 3214 infense
609 3172 670 3214 setn
692 3170 723 3212 er
754 3155 877 3225 suerunt,
902 3158 1027 3214 maxime

225 3231 378 3357 postquam
394 3228 534 3285 Heniicus
549 3228 585 3298 ll,
600 3242 651 3285 rex
664 3172 786 3301 Xngliae,
798 3226 965 3285 Hiberniam
977 3243 1025 3285 su·

247 3296 324 3378 egit:
341 3296 380 3353 ita
398 3306 430 3355 ut
449 3313 503 3357 nee
519 3298 662 3356 connubia
685 3313 783 3356 seeuni
804 3300 968 3368 miscerent,
996 3304 1028 3355 nt

228 3366 325 3424 scribit
339 3366 498 3427 Richardus
513 3369 720 3435 stanihurstus,
730 3370 778 3427 lib.
792 3370 849 3440 lll,
860 3371 893 3426 de
904 3369 962 3426 red.
973 3369 1025 3425 tlt-

228 3437 358 3495 berittcir.
370 3438 515 3508 Quietiani
528 3438 623 3508 refert,
635 3441 684 3497 ttb.
694 3441 750 3508 lll,
758 3447 837 3497 tanto
849 3438 914 3497 odio
925 3438 1025 3496 iliber-

229 3522 283 3565 nos
298 3508 327 3563 in
342 3508 453 3582 Anglos
467 3510 687 3580 excandescere,
702 3518 733 3567 ut
744 3525 795 3567 eos
808 3525 823 3567 a
836 3510 1028 3582 mangonibus

227 3584 257 3635 et
268 3577 365 3649 piratis
379 3581 508 3652 captivos
529 3588 666 3647 emerent,
690 3586 721 3636 ut
740 3578 844 3638 deinde
858 3581 888 3637 iii
912 3581 1028 3637 catastis

226 3657 365 3719 tanquam
387 3649 416 3706 in
440 3649 575 3707 nundinis
594 3648 719 3723 pecudes
741 3650 860 3707 venales
877 3649 1027 3721 haberent,

229 3728 329 3776 eontra
366 3734 431 3777 unm
466 3734 565 3777 ravani
590 3719 826 3778 consuetudinem
838 3720 1028 3779 Armacbiaea

250 3733 411 3847 ontine‘tbiis
459 3790 566 3847 ibernis
595 3789 748 3848 concilium
769 3789 822 3848 luit
843 3789 1026 3848 celebratum.

228 3804 335 3921 elerum
351 3860 522 3932 probabilior
540 3860 612 3918 ratio
628 3866 673 3918 est
693 3859 779 3935 hujus
802 3860 1017 3921 consuetudinis

842 262 1016 325 trenortii
1039 266 1083 327 lll
1106 268 1253 331 OPERA.

1824 269 1881 333 132

1082 460 1240 524 expresse
1254 445 1418 525 inliibeas,
1434 464 1476 512 ne
1490 448 1571 513 talia
1593 450 1633 514 de
1645 452 1758 514 cetero
1772 452 1880 516 atten-
1977 472 1978 477 ¹

1082 545 1154 605 tare
1173 547 1397 622 praesumant:
1413 546 1470 609 sed
1494 548 1604 626 potius
1625 548 1667 610 ab
1686 549 1880 628 hujusmodi

1082 643 1299 719 perversitate
1314 644 1491 718 cessantes,
1504 647 1661 724 pusillum
1676 648 1710 711 et
1722 664 1879 726 magnum

1082 740 1156 816 pari
1170 741 1361 817 permittant
1376 742 1505 819 judicio
1519 744 1678 822 judicari,
1696 747 1729 807 et
1744 746 1879 808 exami-

1082 839 1156 899 nari
1183 838 1321 901 divitum
1349 856 1483 913 causas,
1511 844 1545 905 et
1570 860 1756 921 pauperum
1785 860 1879 923 aequa
1977 846 1978 849 ’

1081 935 1191 1008 lance,
1211 954 1311 1014 quum
1334 939 1368 999 in
1386 938 1514 1015 judicio
1529 940 1688 1005 divinitus
1700 943 1878 1006 interdicta

1082 1033 1125 1095 sit
1137 1036 1284 1112 acceptio
1298 1051 1514 1113 personarum
1523 1035 1583 1119 (1).

1081 1194 1282 1256 Frtdcri'cus
1295 1197 1530 1258 Rornanorum
1547 1199 1760 1272 superator,
1777 1213 1881 1261 curw-

1122 1290 1167 1352 tts
1200 1304 1284 1366 quos
1314 1294 1504 1355 clementie
1537 1309 1612 1356 sicce
1643 1297 1738 1371 repit
1766 1298 1879 1372 impe·-

1121 1385 1242 1459 rt'ttm(
1265 1391 1287 1465 ).

1372 1514 1510 1578 CAPUT
1530 1517 1584 1577 IV.

1121 1627 1191 1688 Hac
1205 1625 1338 1690 edictali
1362 1627 1445 1706 lege,
1462 1632 1496 1692 et
1509 1633 1616 1705 iissre.
1633 1630 1782 1708 Navigia
1798 1646 1880 1711 que

1082 1739 1220 1802 cumque
1241 1724 1388 1789 locorum
1410 1727 1633 1804 pervenerint,
1657 1729 1688 1789 si
1712 1744 1780 1807 quo
1802 1744 1880 1791 casu

1081 1822 1291 1899 contingente
1321 1824 1420 1901 rupta
1453 1824 1587 1897 suerint,
1611 1825 1666 1888 rel
1687 1826 1731 1887 ad
1754 1826 1880 1889 terram

1081 1920 1285 1997 perveniant,
1301 1922 1369 1983 tam
1379 1922 1523 1999 navigia,
1538 1939 1637 2002 quam
1647 1923 1880 2001 navigantium

1080 2016 1167 2079 bona
1179 2018 1306 2095 integre
1320 2019 1388 2079 illis
1401 2020 1576 2082 serventur
1589 2020 1631 2082 ad
1644 2036 1728 2098 quos
1742 2023 1881 2100 specta·

1222 2092 1227 2107 Ι

1080 2113 1170 2188 bant,
1186 2116 1362 2194 antequam
1377 2117 1546 2195 navigium
1568 2116 1762 2195 hujusmodi
1786 2119 1881 2197 peri·

1081 2213 1192 2275 culum
1222 2213 1427 2287 incurrisset,
1459 2213 1589 2277 sublata
1619 2217 1754 2293 penitus
1790 2217 1883 2279 omni

1080 2399 1234 2473 unicuique
1254 2399 1407 2469 collirere;
1431 2414 1489 2456 non
1512 2399 1589 2458 enirn
1611 2398 1748 2457 dominus
1775 2399 1883 2458 desinit

1082 2470 1299 2538 essedoniinus,
1316 2442 1349 2526 ἵ.
1365 2471 1419 2526 ott.
1431 2471 1582 2527 deiecere.
1596 2472 1677 2528 ruis.
1693 2471 1794 2551 nass„
1808 2478 1839 2528 et
1848 2471 1881 2530 t.

1080 2541 1259 2613 Pomponius,
1280 2540 1416 2612 §penult
1431 2541 1465 2596 de
1476 2542 1586 2622 acquir.
1604 2556 1662 2622 rer.
1682 2540 1792 2623 domin.
1813 2542 1883 2611 Qun

1080 2613 1127 2669 lex
1146 2611 1280 2668 omnibus
1300 2610 1434 2681 gentibus
1460 2610 1583 2683 placuit;
1606 2618 1645 2668 ita
1667 2618 1701 2667 ut
1722 2620 1882 2685 imperator

1082 2683 1145 2740 aliis
1159 2682 1270 2754 legibus
1281 2681 1322 2737 uti
1337 2680 1472 2738 noluerit:
1481 2696 1568 2763 quum
1580 2688 1697 2754 propter
1709 2696 1815 2740 earum
1829 2696 1881 2744 an·

1081 2752 1250 2825 tiquitatein,
1275 2765 1350 2879 ὅμως
1372 2749 1387 2808 b
1408 2750 1526 2809 Rhodiis
1550 2760 1723 2823 acceperunt
1744 2755 1882 2828 Romani,
1980 2810 1981 2817 ,

1082 2822 1220 2882 Strabone
1233 2829 1262 2879 et
1299 2822 1367 2879 ullio
1381 2821 1544 2879 auctoribus
1559 2838 1567 2879 ε
1580 2829 1641 2879 tuni
1664 2828 1781 2896 propter
1802 2828 1883 2886 utili·
1980 2866 1981 2869 ,

1080 2902 1169 2953 tateni
1192 2899 1222 2951 et
1236 2893 1400 2965 aequitateni
1423 2908 1430 2948 :
1451 2907 1507 2964 qna
1528 2891 1564 2949 de
1578 2908 1681 2962 causa,
1701 2893 1773 2966 imp.
1787 2892 1882 2957 Anto.

1081 2966 1167 3023 ninus
1186 2963 1263 3021 bane
1285 2963 1380 3037 legein
1402 2977 1460 3021 esse
1481 2963 1625 3021 mairiam
1642 2963 1733 3019 moris
1749 2963 1806 3034 ait,
1832 2964 1885 3021 bet

1081 3045 1155 3109 νὸμος
1164 3049 1212 3108 ripe
1221 3043 1355 3103 θαλάσσης,
1365 3041 1414 3107 tpb
1424 3042 1468 3116 ptr
1476 3047 1520 3094 τοῦ
1529 3042 1626 3106 adsueti
1635 3041 1728 3109 κύριος,
1735 3034 1796 3105 ipse
1805 3031 1884 3091 orbis
1979 3046 1981 3089 l

1081 3107 1221 3172 dominia,
1246 3103 1301 3162 hoe
1321 3117 1454 3161 encomio
1468 3105 1496 3161 ei
1514 3118 1657 3161 sumniam
1677 3105 1883 3163 auctoritatem

1081 3178 1204 3235 tribuere
1216 3175 1315 3232 voluit.
1333 3172 1414 3245 Quod
1432 3187 1502 3231 vero
1517 3174 1546 3230 in
1560 3175 1637 3231 dicto
1661 3174 1695 3232 t.
1713 3184 1816 3242 ἀξίωσις
1836 3186 1882 3232 re·

1082 3248 1180 3315 lertur,
1189 3246 1226 3303 de
1234 3244 1396 3305 Publicanis
1403 3243 1539 3318 Cyclades
1553 3244 1663 3302 insulas
1672 3244 1882 3314 babitantibus,

1082 3318 1250 3385 notandum,
1268 3315 1343 3390 quod
1363 3316 1460 3389 piratis
1475 3323 1503 3373 et
1519 3314 1676 3373 latronibus
1690 3330 1744 3373 eos
1760 3328 1882 3389 eompa-

1082 3397 1134 3460 iet,
1151 3388 1216 3461 quia
1229 3387 1366 3515 idffenus
1378 3385 1526 3445 bominum
1540 3386 1590 3459 qui
1609 3386 1764 3468 vectigalia
1783 3384 1884 3459 pepuli

1082 3460 1195 3520 roniani
1206 3473 1260 3516 eon
1282 3457 1404 3516 urebant
1416 3457 1458 3531 (ut
1468 3463 1535 3515 sunt
1546 3464 1681 3529 portoria,
1691 3457 1805 3526 salins,
1820 3470 1882 3514 ine·

1082 3532 1160 3601 talla,
1178 3537 1207 3587 et
1224 3527 1328 3590 similia
1343 3542 1407 3599 qus
1420 3526 1617 3587 describuntur
1629 3527 1658 3583 in
1669 3527 1705 3585 L.
1723 3526 1883 3598 interdurn,

1082 3601 1224 3677 §species
1239 3601 1273 3656 de
1306 3596 1457 3682 selbonis)
1479 3598 1587 3671 rapinis
1599 3596 1684 3654 valde
1698 3604 1764 3679 erat
1778 3611 1883 3655 assue-

1082 3671 1233 3743 tuni;ideo
1244 3615 1382 3737 etigunt,
1390 3668 1482 3727 utsibi
1491 3668 1633 3727 Asiaticos
1643 3668 1825 3738 concdiaret,
1833 3679 1885 3725 eos

1102 3741 1251 3811 ublleanis,
1270 3741 1318 3824 qui
1332 3741 1430 3798 Asiam
1451 3739 1634 3797 acerbissime
1652 3736 1829 3808 habuerant,
1847 3737 1883 3796 li·
1981 3792 1982 3797 ,

1102 3814 1193 3874 erasit
1210 3811 1419 3884 vectigaliaque
1436 3810 1465 3868 iii
1485 3809 1580 3868 tributi
1599 3808 1721 3866 sormam
1743 3808 1882 3883 redegit:
1981 3808 1982 3813 ’

1018 3906 1026 3932 s
1082 3889 1139 3944 τοὺς
1149 3885 1209 3948 γοὺν
1218 3884 1326 3939 seteis<
1333 3881 1470 3947 πικρότατα
1478 3882 1545 3946 σφίσι
1553 3879 1694 3946 χρωμένους
1704 3880 1851 3938 ἀπαλλάξας
1860 3880 1886 3937 ἔς

230 3944 316 4004 quain
331 3930 416 3991 refert
431 3930 639 4013 llonoriusboc
654 3932 708 4014 tit„
725 3929 800 4004 quod
813 3946 886 4005 gens
904 3931 1029 3993 Hiberna
1083 3951 1158 4016 φόρου
1169 3945 1308 3997 messinas
1319 3944 1348 3993 st
1358 3947 1494 4016 qopsatspt
1512 3945 1541 3993 tx
1555 3949 1605 3991 τῶν
1627 3945 1707 4016 τελῶνο
1714 3943 1885 4001 manneae

231 4001 315 4059 valde
328 4000 409 4059 lurtis
422 4008 451 4058 et
465 4001 620 4060 latrociniis
632 4001 727 4060 dedita
742 4009 828 4061 esset.
842 4001 937 4061 Refert
951 4005 1029 4061 enim
1083 4019 1114 4071 ui
1127 4007 1213 4068 reteri
1227 4006 1280 4063 [tio
1296 4007 1419 4073 cassius,
1435 4004 1496 4062 Lib,
1511 4004 1603 4061 mr,
1617 4004 1660 4060 [tp
1678 4001 1725 4059 his
1746 4004 1884 4077 symma.

231 4073 399 4131 Guillelmus
410 4071 695 4145 Neubrlgensis,lib.
708 4073 763 4143 Ill,
782 4088 843 4143 cop.
861 4075 888 4142 9,
900 4074 934 4131 dc
947 4074 1029 4133 rebus
1083 4082 1164 4150 elius,
1217 4092 1250 4134 os
1262 4076 1439 4143 Publicanos,
1454 4079 1479 4131 et
1495 4073 1639 4144 Mescipes
1661 4080 1757 4143 vocat,
1786 4073 1884 4145 spur.
1981 4074 1982 4131 ἴ

230 4144 369 4213 Anpttcts,
387 4158 420 4200 se
442 4158 458 4200 a
478 4141 601 4216 quodam
622 4144 757 4216 episcopo
780 4143 962 4202 armachano
979 4159 1026 4203 ac·
1083 4155 1158 4213 eber
1206 4143 1762 4220 ,Lib.V.Cyeladesrerosuntinmari
1874 4183 1885 4214 ,
1981 4162 1982 4215 3

230 4214 352 4286 cepisse,
368 4221 564 4296 subigentem
583 4228 619 4272 eo
638 4214 848 4287 superstitionis
866 4214 1027 4298 devenisse,
1084 4234 1204 4308 quarum
1227 4222 1313 4318 eaput
1331 4230 1396 4273 esse
1416 4213 1548 4298 ilbodum
1566 4212 1640 4272 bene
1661 4221 1800 4341 annotatd
1840 4213 1886 4289 Ja.
1981 4292 1982 4297 γ

229 4284 1030 4430 1111111111111111111111111
1084 4286 1886 4430 sinaris-lttrittenincarner

230 4425 261 4481 in
277 4427 404 4498 paschali
419 4399 599 4485 solemnitate
612 4425 826 4500 profusissimis,
842 4433 979 4509 tanquam
994 4425 1030 4483 ad
1085 4439 1136 4495 ism
1148 4428 1451 4502 voeatPapiaszquas
1461 4428 1570 4486 Plinius
1583 4425 1645 4484 itt.
1665 4426 1715 4554 igi
1734 4440 1799 4498 cop.
1866 4468 1887 4489 .,

230 4493 369 4558 bonorem
389 4497 540 4557 dominice
561 4498 778 4557 resurrectionis
793 4511 933 4556 conviviis
945 4496 1028 4555 absu·
1083 4508 1145 4565 Lib.
1165 4503 1208 4561 Ν
1235 4514 1297 4571 cap.
1321 4499 1365 4566 lt,
1383 4497 1426 4555 sic
1446 4497 1538 4579 dictas
1563 4495 1612 4564 ait,
1638 4510 1676 4568 qu
1709 4498 1766 4579 ‚iii
1783 4495 1887 4575 orbem

231 4578 332 4628 meret.
1083 4547 1260 4651 longioribus
1272 4577 1369 4627 tamen
1384 4568 1483 4650 spatiis
1496 4581 1572 4625 circa
1587 4566 1678 4624 Delon
1692 4573 1751 4645 siet
1761 4570 1869 4646 posits}
1876 4580 1884 4621 :

269 4639 310 4713 (l)
331 4643 370 4699 Le
392 4639 502 4700 Pontiie
516 4647 611 4698 statue
624 4655 673 4698 sur
688 4653 744 4696 une
761 4646 894 4696 coutume
911 4653 948 4695 en
966 4653 1028 4696 nia·
1083 4648 1135 4707 ped
1146 4659 1205 4713 pur,
1220 4642 1249 4698 iii
1263 4637 1509 4708 dictaL.„dicitur
1528 4635 1777 4715 boenaulragrum
1787 4640 1885 4692 popu.

230 4704 301 4766 tibre
316 4712 399 4769 civile
413 4712 580 4781 criminelle,
594 4710 737 4767 devenant
752 4709 839 4765 mixte
855 4707 871 4766 a
886 4723 973 4766 cause
992 4709 1029 4767 du
1083 4721 1161 4793 gissa
1174 4717 1199 4766 tv
1211 4718 1242 4776 τῆ
1252 4711 1339 4777 isatis
1354 4723 1441 4787 quum
1451 4707 1620 4781 longissime
1629 4700 1888 4784 distentcyclades

236 4790 371 4837 serment.
1085 4790 1120 4847 pp
1139 4781 1242 4847 ltalia?
1267 4780 1348 4836 noeti
1374 4771 1698 4844 riri,·SaniuelPet1tus
1723 4772 1887 4845 legendum

271 4847 313 4923 (α)
325 4852 377 4908 llic
389 4851 521 4908 inseritur
536 4849 590 4906 alia
601 4848 764 4923 constitutio
777 4845 923 4906 Friderici.
933 4848 1030 4907 Voluit
1083 4864 1109 4912 tv
1123 4860 1209 4923 reite,
1224 4862 1289 4922 que
1303 4853 1347 4904 est
1358 4859 1415 4904 una
1435 4859 1471 4927 epi
1487 4841 1665 4924 Cycladibus,
1687 4842 1888 4903 Gotbolredus

231 4924 374 4984 Honorius
390 4921 548 4993 praevenire
562 4920 706 4991 ingratum
721 4917 783 4990 ejus
798 4917 925 4975 animuin
939 4917 1025 4976 bene·
1083 4924 1109 4974 tv
1119 4924 1216 4989 iaspis,
1230 4923 1421 4993 putaverunt:
1437 4930 1461 4971 si
1473 4913 1644 4986 correcturis
1660 4914 1743 4971 locus
1756 4913 1887 4985 dandus,

234 4994 316 5063 liciis,
330 4992 547 5050 constitutiones
561 4987 596 5045 ab
611 5001 646 5044 eo
669 4986 770 5057 editas,
786 4986 853 5044 liiiie
861 4987 933 5059 juris
945 5004 1029 5047 cano
1083 4991 1256 5067 probabilius
1268 4988 1436 5069 legeremttv
1451 4984 1578 5057 Ἀτταλίᾳ,
1595 4990 1709 5055 quaest
1719 4983 1790 5042 urbs
1802 4986 1889 5068 Rani·

232 5067 291 5123 niei
309 5061 504 5133 compilationi
522 5056 685 5127 inserendo,
706 5072 769 5128 quae
787 5065 817 5116 et
834 5057 955 5116 habetur
976 5060 1026 5118 ad·
1103 5063 1195 5136 hylle,
1216 5059 1302 5119 bodie
1318 5059 1439 5125 Satclts
1462 5069 1520 5112 non
1538 5053 1659 5137 multum
1670 5069 1698 5135 ¹a
1711 5054 1889 5137 Cycladibus

229 5137 305 5209 jecta
319 5136 350 5189 in
368 5131 448 5197 dod,
471 5130 515 5185 tit.
537 5129 571 5184 de
590 5128 689 5199 furtis,
706 5134 735 5184 et
756 5128 792 5209 ad
806 5144 892 5201 quant
904 5132 1029 5257 pertinet
1082 5080 1202 5203 Sistens,
1215 5132 1251 5191 de
1306 5131 1365 5212 ain
1376 5126 1489 5211 norell.
1505 5127 1611 5184 Leonis
1625 5123 1806 5207 Philosopln.
1825 5127 1888 5185 Nec

230 5212 333 5265 vexata
347 5203 393 5258 lex
405 5210 512 5267 ἀξίωσις,
526 5198 740 5266 udl.lttod.,tn
749 5213 831 5273 ciuus
844 5199 903 5258 inte
924 5209 989 5259 ectu
999 5203 1029 5258 li·
1082 5205 1186 5263 mirum
1200 5204 1225 5260 si
1239 5217 1277 5276 pu
1298 5201 1384 5258 licani
1394 5198 1556 5269 frequenter
1565 5203 1750 5278 excurrerent
1761 5209 1794 5278 iii
1805 5194 1889 5255 bunc

234 5282 299 5334 cent
324 5270 396 5329 inibi
422 5266 628 5339 aliquantulum
656 5269 784 5340 spatiari,
815 5284 851 5327 ne
877 5272 1027 5330 materiam
1082 5278 1186 5345 sinum,
1197 5271 1355 5345 naufragiis
1367 5268 1449 5328 valde
1459 5266 1606 5336 infamem,
1622 5264 1750 5348 quiideo
1762 5265 1885 5349 diceba·

235 5342 453 5419 pretermittere
464 5337 563 5394 videar
576 5337 605 5393 in
616 5351 671 5408 qua
683 5340 818 5411 praeclara
832 5342 950 5415 ingenia
962 5357 1028 5401 sese
1082 5354 1127 5404 tur
1145 5347 1262 5418 vorago
1279 5342 1407 5409 navium,
1423 5340 1496 5396 etin
1514 5351 1571 5410 ouo
1586 5336 1778 5418 periclitatam
1793 5334 1888 5397 fuisse

233 5418 431 5473 exercuerunt.
456 5410 499 5467 Ne
516 5408 565 5464 ulli
586 5407 670 5464 liceat
693 5411 818 5468 alienum
844 5410 1027 5485 naulragium
1082 5416 1222 5475 lielenani
1232 5411 1409 5473 Constantini
1419 5416 1540 5467 matrem
1554 5420 1700 5490 coiipcere
1713 5420 1886 5490 possumus,

234 5486 379 5557 colligere,
403 5480 489 5536 etiam
512 5478 592 5546 fiseo,
614 5485 644 5534 ut
665 5480 762 5537 statuit
780 5483 983 5542 Constantinus
997 5486 1027 5541 in
1082 5487 1149 5545 duin
1172 5486 1208 5543 ab
1230 5483 1426 5555 Hierosolyma
1457 5478 1735 5560 Constantinopolim
1763 5475 1886 5551 rediret,

236 5558 256 5612 t.
276 5557 302 5610 l.
320 5556 351 5610 G.
367 5552 400 5607 de
413 5548 587 5619 nousrnpiis,
608 5549 686 5621 Lege
701 5550 842 5622 siquidem
858 5553 967 5611 llbodia
983 5569 1028 5612 ca·
1081 5557 1157 5615 unde
1169 5570 1234 5613 eain
1248 5568 1337 5612 unuin
1351 5566 1387 5609 ex
1403 5557 1522 5634 quatuor
1534 5551 1648 5629 bomini
1662 5547 1763 5617 clavis,
1780 5550 1889 5621 quibus

236 5632 318 5680 retur
337 5623 372 5678 de
397 5619 482 5675 iebus
506 5616 658 5690 naufragio
678 5620 804 5693 direptis,
830 5637 866 5680 ne
879 5638 929 5681 eas
942 5624 1027 5682 liceat
1082 5627 1159 5686 eruci
1175 5625 1277 5683 atilius
1292 5624 1390 5691 luerat,
1412 5623 1477 5678 illuc
1499 5633 1664 5692 proiecisse,
1687 5626 1718 5675 ut
1740 5622 1886 5692 tranquil-
