3936 6182
178 305 238 367 ser
794 302 971 389 aenean
992 303 1038 364 111
1059 302 1209 365 erana.
1317 360 1322 370 ,
1772 298 1833 365 nse

178 464 285 536 misit,
310 466 468 542 tanquam
493 462 735 527 inobedientem
758 466 792 527 et
818 462 976 526 rebellem
1031 478 1106 525 cum
1124 459 1592 540 complicibussulspompose
1605 458 1831 522 lutravrtlta-

178 559 976 640 iteratoexcommunicationlsubjecit;quibusita
1030 559 1121 623 liam

178 662 335 738 peractis,
356 661 458 737 legati
479 677 554 722 cum
569 660 798 737 indignatione
820 659 861 720 ad
885 660 975 736 regis
1071 660 1120 721 12.
1143 658 1264 720 Eodem
1277 658 1426 735 tempore
1441 655 1530 719 idern
1544 673 1616 728 rex,
1633 655 1668 717 in
1682 655 1831 718 maxima

178 758 391 836 praeentiam
416 758 603 830 redierunt,
626 755 733 834 ipsius
760 758 908 820 animum
932 757 974 819 ad
1029 756 1176 833 potentia
1185 757 1218 819 et
1230 772 1330 817 manu
1340 754 1487 827 robusta,
1495 755 1735 817 commissurus
1746 770 1833 831 praa·

177 855 355 929 deteriora,
371 856 458 919 sicut
471 855 537 918 viri
549 858 617 918 Deo
636 855 787 928 odibiles,
795 855 974 917 instantius
1029 853 1110 914 lium
1125 870 1199 915 cum
1214 869 1293 930 rege
1309 852 1495 931 Rodulpbo,
1511 853 1753 914 contumaciter
1775 853 1836 915 iu-

177 957 433 1018 commoventes.
450 957 522 1017 Rex
533 970 616 1015 vero
629 952 684 1015 ubi
700 969 737 1015 se
751 953 976 1030 cognovitper
1029 951 1132 1014 travit
1147 952 1344 1027 saxoniam3
1359 950 1413 1013 cui
1425 966 1469 1012 ex
1480 950 1621 1012 adverso
1632 950 1830 1029 Rodulpbus

177 1052 378 1114 sententiam
402 1051 545 1115 Romani
569 1050 739 1113 Pontificis
760 1066 781 1112 a
807 1050 974 1113 consortio
1028 1049 1180 1127 potenter
1201 1050 1364 1125 occurrit;
1380 1049 1414 1111 et
1431 1048 1640 1111 atrocissimo
1656 1047 1832 1111 hincinde

174 1148 324 1211 lldelium
348 1151 569 1224 segregatum,
590 1149 699 1212 tristis
720 1148 859 1211 effectus
887 1150 937 1211 est
963 1169 973 1210 ε
1028 1145 1831 1224 lactocongressu,ilenricuscontumelioseterga

176 1247 233 1308 sed
258 1264 374 1310 cuma
400 1246 542 1309 diversis
567 1247 703 1309 diversa
728 1246 887 1310 darentur
909 1245 973 1308 sibi
1027 1245 1142 1322 vertit3
1159 1245 1456 1323 atqueinlongum
1470 1244 1634 1307 acerrime
1650 1243 1693 1305 ab
1717 1242 1831 1306 bosti-

176 1344 329 1417 consilia,
347 1345 382 1406 in
403 1344 583 1406 anxietatis
604 1343 704 1405 dubio
729 1344 876 1421 positus,
894 1343 974 1421 quid
1026 1340 1089 1406 bus
1099 1345 1378 1422 persecutnsjam
1387 1342 1509 1408 devita
1521 1342 1736 1417 dittldens,in
1750 1358 1832 1421 guo·

176 1443 286 1525 polius
312 1443 450 1520 eligeret
464 1442 652 1520 ignorabat.
667 1441 814 1505 Tandem
831 1457 974 1520 perver-
1028 1440 1103 1504 dam
1122 1458 1159 1504 se
1178 1443 1288 1504 castro
1302 1442 1438 1519 recepit,
1450 1438 1507 1502 'ribi
1529 1456 1589 1518 per
1607 1441 1737 1518 septem
1752 1439 1830 1502 die-

176 1556 289 1603 sornm
317 1541 503 1604 antistitum
527 1542 560 1603 et
580 1541 759 1619 impiorum
786 1540 973 1618 principum
1028 1555 1102 1602 rum
1128 1539 1272 1618 spatium
1298 1539 1453 1602 latitavit.
1479 1538 1675 1616 Rodulpbus
1702 1540 1829 1612 autem,

176 1638 342 1703 sententia
356 1639 570 1716 praevalente,
588 1637 675 1715 apud
687 1638 836 1700 Brixiam
847 1636 895 1718 (l)
910 1653 974 1715 ge·
1028 1637 1114 1701 sicut
1127 1638 1180 1700 rir
1191 1637 1394 1703 fortissimus
1408 1639 1442 1700 et
1454 1637 1613 1710 famosus,
1626 1638 1660 1698 et
1669 1636 1705 1697 iu
1716 1652 1831 1698 mmo-

174 1736 322 1801 neralem
337 1735 465 1799 curiam
476 1735 639 1813 disposuit
653 1734 834 1797 celebrare.
851 1737 975 1797 Conve-
1028 1752 1102 1797 rum
1126 1736 1384 1799 excercitatione
1408 1735 1582 1815 probatus,
1615 1750 1831 1813 nequaquam

176 1835 298 1894 nerunt
312 1833 422 1910 itaque
437 1833 472 1894 in
492 1833 565 1894 loco
585 1832 658 1910 ipso
673 1832 807 1910 plurimi
823 1832 974 1894 seditiosi
1028 1833 1126 1911 fugit,
1150 1834 1208 1896 sed
1234 1834 1340 1897 victor
1362 1835 1396 1897 et
1416 1834 1637 1912 triumphator
1658 1831 1828 1905 occubuit,

175 1931 209 1996 et
229 1930 370 1992 infames
383 1931 541 2008 episcopi,
556 1946 630 1992 curn
645 1930 857 1993 multitudine
870 1930 973 1992 cleri·
1027 1928 1105 2007 quia
1124 1945 1200 1991 eum
1222 1929 1275 1991 sui
1296 1945 1363 1992 non
1384 1930 1621 2007 cognoscentes
1644 1928 1831 1991 exitialiter

175 2043 289 2091 corum
305 2029 338 2091 et
358 2029 556 2106 principum,
569 2030 735 2106 quatenus
759 2029 794 2089 in
805 2030 972 2105 jacturam
1026 2027 1285 2090 vulneraverant
1306 2024 1369 2107 (α).
1390 2030 1470 2111 Cum
1491 2029 1601 2090 autem
1625 2026 1753 2089 diutius
1771 2041 1830 2089 re-

174 2125 300 2187 domini
315 2126 466 2202 Gregorii
480 2129 580 2203 Papae
599 2127 737 2203 possent
751 2125 875 2204 aliquid
892 2126 971 2187 mali
1027 2124 1216 2203 quireretur
1229 2142 1249 2187 a
1262 2125 1362 2188 sociis
1376 2126 1456 2199 suis,
1470 2125 1604 2188 tandem
1618 2140 1721 2203 super
1738 2126 1832 2186 stra·

174 2222 332 2291 ordinare
355 2224 408 2285 vel
431 2224 589 2295 statuere,
616 2225 652 2285 ut
679 2223 766 2285 inter
787 2226 971 2286 Romanam
1026 2238 1100 2301 gem
1133 2225 1166 2286 et
1195 2223 1358 2286 cadavera
1390 2221 1624 2296 inimicorum,
1651 2239 1721 2285 non
1751 2223 1830 2286 sine

98 2351 107 2371 ·
173 2322 357 2384 Ecclesiam
385 2323 418 2384 et
446 2322 623 2400 imperium
652 2321 819 2383 discordia
851 2321 971 2384 tuturis
1026 2320 1162 2399 planctu
1185 2320 1342 2395 maximo,
1358 2322 1510 2399 repertus
1529 2322 1595 2395 est,
1616 2322 1714 2401 cujus
1734 2336 1828 2384 mors

172 2418 376 2497 temporibus
390 2418 574 2482 fulciretur.
590 2419 839 2481 communicato
860 2420 972 2498 itaque
1026 2421 1199 2497 postquam
1214 2420 1371 2492 Henrico,
1387 2420 1532 2482 latitanti
1544 2421 1577 2482 et
1589 2420 1630 2481 de
1642 2418 1723 2497 luga
1731 2419 1848 2497 cogi--

172 2516 356 2580 execrabili
380 2518 413 2579 et
433 2516 626 2579 detestando
648 2516 806 2590 consilio,
829 2517 870 2579 de
890 2534 972 2580 con·
1025 2518 1110 2580 tanti
1138 2518 1291 2580 nuntiata
1319 2517 1393 2591 luit,
1418 2534 1498 2580 mox
1525 2518 1562 2591 in⁴
1589 2518 1693 2580 altum
1719 2531 1826 2580 cornu

174 2628 275 2675 sensu
299 2615 404 2692 ipsius
427 2615 531 2691 regis,
545 2615 721 2690 elegerunt
735 2614 769 2676 in
785 2617 970 2678 Romanum
1026 2631 1122 2677 suum
1144 2616 1262 2688 erexit,
1279 2617 1312 2678 et
1326 2615 1487 2678 adversus
1505 2615 1677 2678 dominum
1690 2618 1822 2693 Grego-

173 2712 388 2785 Ponlitlcern,
424 2712 492 2773 imo
524 2712 739 2790 antipapam,
777 2712 969 2776 Guibertum
1024 2713 1111 2774 rium
1123 2716 1248 2791 Papam
1263 2714 1481 2776 contumelias
1495 2714 1529 2776 et
1542 2715 1689 2777 terrores
1702 2728 1826 2792 proca·

172 2809 587 2881 Ravennatensem,virum
599 2809 775 2873 manifeste
785 2813 967 2889 perjurum,
1024 2811 1107 2873 citer
1119 2812 1210 2890 loqui
1225 2812 1335 2889 coepit,
1351 2813 1491 2874 credens
1505 2810 1716 2873 detestabilia
1734 2810 1825 2873 tacta

171 2908 271 2985 atque
294 2907 385 2969 omni
409 2906 537 2969 malitia
557 2910 591 2969 et
615 2907 793 2970 dolositate
821 2908 967 2986 plenum.
1024 2925 1084 2970 sua
1099 2909 1134 2971 in
1147 2911 1287 2979 mortem
1300 2909 1467 2987 Rudolphi
1481 2908 1621 2971 Domim
1639 2908 1821 2986 placuisse.

169 3005 211 3070 Et
221 3004 378 3083 quoniam
391 3005 585 3082 plerumque
595 3004 744 3081 contigit,
751 3006 788 3067 ut
797 3008 968 3084 peccatum
1023 3009 1114 3077 Post,
1127 3006 1184 3068 ubi
1198 3024 1276 3069 vero
1289 3007 1362 3071 haec
1376 3009 1469 3083 gesta
1480 3009 1569 3079 sunt,
1584 3007 1729 3069 evolutis
1742 3023 1825 3085 pau·

167 3101 214 3164 sit
227 3117 326 3180 poena
351 3101 490 3180 peccati,
507 3102 548 3164 de
566 3101 732 3181 superbie
746 3102 859 3169 radice
885 3120 967 3183 pro·
1023 3104 1072 3165 cis
1084 3104 1211 3177 diebus,
1228 3105 1403 3175 Henricus,
1417 3104 1506 3167 dlius
1527 3107 1611 3183 ejus,
1628 3121 1704 3166 cum
1717 3115 1822 3167 exer·

170 3200 273 3263 cessit
293 3200 335 3262 ad
362 3200 556 3280 purpurium,
571 3200 612 3263 de
625 3200 772 3278 perjurio
791 3201 832 3263 ad
845 3201 966 3265 inobe-
1022 3201 1090 3265 citu
1106 3202 1248 3264 illustris
1258 3202 1436 3264 eomitissa>
1451 3201 1623 3265 Matbildis
1637 3203 1821 3279 pugnavit:

167 3297 340 3369 dientiam,
357 3298 397 3360 de
410 3298 635 3361 inobedientia
646 3298 687 3360 ad
698 3300 968 3362 excommunica·
1022 3300 1056 3361 et
1069 3299 1158 3378 quia,
1171 3300 1257 3361 sicut
1269 3300 1342 3362 deri
1366 3300 1461 3372 solet,
1475 3300 1589 3362 varius
1611 3301 1663 3362 est
1682 3301 1822 3363 eventus

166 3396 292 3463 tionem
301 3396 431 3469 cecidit,
439 3397 472 3458 et
485 3395 526 3458 de
540 3396 881 3460 excommnnicatlone
890 3415 969 3476 per·
1019 3396 1112 3471 belli,
1128 3397 1303 3463 victoriam
1318 3397 1444 3460 babuit.
1460 3397 1520 3459 llis
1534 3397 1638 3475 igitur
1652 3398 1821 3460 successi·

165 3494 258 3557 uenit
285 3494 326 3557 ad
351 3493 585 3557 idololatriam.
615 3497 711 3557 Hunc
738 3496 850 3568 talem,
880 3497 967 3560 sicut
1020 3495 1082 3557 bus
1102 3499 1299 3575 provocatus
1320 3495 1500 3573 derepente
1520 3496 1662 3563 intravit
1676 3496 1818 3569 ltaliam,

166 3590 323 3664 diximus,
343 3607 405 3653 rex
428 3591 593 3654 Henricus
616 3591 769 3655 adoravit
783 3610 908 3670 pronus
930 3595 964 3655 in
1021 3594 1054 3656 et
1067 3596 1140 3672 post
1152 3594 1368 3656 Paschacum
1379 3593 1468 3655 idolo
1483 3594 1571 3671 quod
1583 3596 1740 3658 erexerat
1751 3597 1821 3657 Ro·

164 3689 965 3767 terram3quietiarn,suadentebionysioPlacen·
1019 3708 1107 3753 mam
1116 3692 1265 3765 veniens,
1282 3692 1372 3753 circa
1394 3692 1612 3754 Pentecosten
1635 3693 1821 3755 castrame-

165 3785 236 3849 tine
262 3785 436 3863 episcopo,
460 3788 593 3863 jurasse
617 3787 780 3848 asseritur
801 3788 838 3850 ut
860 3787 902 3849 ab
923 3805 963 3852 eo
1016 3791 1106 3852 tatus
1127 3790 1231 3852 estin
1251 3789 1821 3869 pratoNeronis.Sedquistanto-

164 3881 299 3960 imperii
323 3898 479 3945 coronam
494 3884 670 3962 acciperet.
686 3884 769 3956 Quid
784 3885 899 3962 plural
914 3888 962 3950 lta
1017 3904 1091 3949 rum
1106 3888 1317 3966 prudentium
1332 3888 1480 3950 virorum
1495 3886 1657 3949 admirari
1671 3906 1738 3951 non
1751 3904 1820 3967 po-

163 3981 308 4057 peccatis
330 3979 552 4058 erigentibus,
569 3997 685 4043 omnes
708 3982 765 4060 qui
780 3987 962 4060 praesentes
1016 3987 1103 4048 terat
1115 3985 1204 4063 regis
1217 3987 1250 4048 et
1259 3984 1408 4048 (tumenti
1420 3985 1655 4048 haeresiarchae
1665 3989 1818 4064 apertam

163 4078 303 4140 aderant
314 4080 424 4142 mente
437 4079 596 4141 excaecati
611 4080 702 4153 sunt,
723 4097 790 4142 non
803 4083 960 4161 utrespi-
1015 4083 1193 4156 insaniam,
1211 4084 1244 4146 et
1254 4083 1476 4162 impudentem
1489 4084 1820 4158 stultitialeuam·

162 4178 277 4240 carent
295 4174 426 4249 coelum,
451 4176 509 4238 sed
531 4177 572 4238 ad
591 4180 664 4255 ejus
689 4179 830 4255 vestigia
855 4196 959 4243 oscu-
1015 4181 1066 4242 vis
1087 4181 1176 4242 enim
1198 4181 1318 4244 mentis
1338 4181 1451 4243 oculos
1473 4182 1692 4259 perdiderint,
1706 4182 1817 4245 visum

160 4270 273 4345 landa,
289 4272 370 4334 heul
385 4273 470 4351 proh
485 4273 593 4339 dolori
608 4290 644 4336 se
657 4275 783 4353 pariter
797 4276 959 4341 lncurva-
1014 4278 1125 4338 tamen
1140 4277 1289 4355 corporis
1303 4294 1368 4340 nou
1380 4277 1575 4340 amiserant.
1582 4279 1625 4340 at
1638 4295 1707 4341 non
1721 4280 1821 4341 vide-

158 4371 248 4434 runt.
265 4373 305 4434 llt
328 4370 383 4434 bis
400 4372 448 4435 ita
476 4373 632 4451 peractis,
662 4390 724 4436 rex
746 4374 782 4436 ln
808 4376 958 4453 apertam
1013 4372 1094 4438 bant
1111 4375 1205 4437 illam
1225 4374 1365 4437 bestiam
1379 4374 1439 4456 (2),
1454 4391 1529 4453 quae
1543 4375 1648 4438 abeis
1667 4376 1818 4440 duceba-

159 4467 316 4534 haeresim
330 4470 456 4551 lapsus,
468 4471 509 4533 ad
521 4471 655 4550 propria
669 4472 704 4539 in
717 4473 960 4552 octavisnpos-
1012 4473 1077 4546 tur,
1092 4488 1190 4551 quam
1201 4473 1413 4535 honoriticea
1426 4474 1586 4536 Romanis
1597 4475 1813 4554 suscipieba-

157 4566 300 4632 tolorum
326 4584 500 4645 regressus
513 4570 578 4644 est;
595 4569 772 4633 Guibertus
789 4586 868 4633 vero
883 4571 958 4634 bae·
1011 4572 1076 4643 tur,
1094 4571 1128 4633 et
1152 4570 1393 4633 venerabaturl
1418 4571 1546 4650 Quippe
1568 4588 1630 4651 pro
1654 4573 1812 4636 laudibus

157 4665 350 4739 resiarcha,
379 4667 558 4744 insignitus
584 4668 760 4747 papalibus
780 4669 954 4747 insigniis,
1011 4667 1213 4731 exhibebant
1228 4669 1396 4746 convicia3
1419 4686 1480 4748 pro
1495 4670 1635 4732 canticis
1650 4671 1812 4744 ululatus,

193 4856 369 4928 (illiriaco,
391 4857 464 4915 dans
485 4858 513 4916 lo
534 4859 953 4937 'tyrol-Tremedvdquos,
1010 4862 1125 4935 atridem
1154 4878 1289 4936 expresse
1317 4862 1407 4920 abbas
1434 4865 1625 4939 Uspen-gensis
1656 4874 1687 4924 et
1712 4875 1812 4926 anaor

158 4925 307 5000 beaucoup
321 4927 357 4985 de
372 4930 491 5012 princes
511 4935 540 5012 et
561 4929 596 4986 de
616 4931 778 5000 sairneurs,
794 4947 865 4991 avec
879 4936 955 4992 leurs
1010 4936 1082 4993 vita
1098 4936 1213 4991 ilenrici
1233 4934 1275 4991 sic
1290 4935 1492 5004 meminerunt,
1507 4946 1537 4993 nl
1556 4936 1632 4993 lianc
1648 4936 1746 4996 dicant
1765 4940 1808 4996 ul·

157 4997 289 5055 bontrncs
303 5014 407 5068 armos,
423 4999 465 5082 s'p
479 5007 586 5057 olerent
601 5015 650 5058 ren
668 5017 715 5084 ps.
728 5003 955 5065 Guibertrevdtit
1009 5006 1115 5062 tionem
1139 5004 1226 5063 luisse
1249 5004 1315 5062 lldoi
1338 5008 1461 5064 llonrico
1483 5021 1540 5063 non
1568 5015 1717 5066 servale:
1741 5011 1809 5083 quin

156 5068 199 5125 los
211 5078 376 5127 ornotnonts
386 5070 569 5142 pontiticnux.
584 5080 687 5142 prount
697 5088 768 5130 avoc
781 5086 908 5135 serment
917 5076 953 5136 de
1008 5076 1096 5133 otiam
1112 5076 1303 5150 Uspergensis
1317 5077 1367 5145 uit,
1384 5078 1538 5149 ipstmrmot
1557 5079 1584 5134 in
1601 5086 1695 5136 morte
1715 5095 1767 5138 sua
1780 5080 1809 5139 id

156 5154 317 5197 couronnrr
331 5141 360 5222 lu·
372 5140 508 5223 roi'llenri
523 5142 583 5269 (poi
594 5141 759 5217 n'avaitpas
771 5161 875 5205 encore
885 5164 951 5220 recu
1008 5146 1183 5220 agnovisse:
1197 5163 1271 5231 qnae,
1287 5161 1323 5204 an
1343 5146 1426 5205 tidem
1445 5156 1619 5218 ntereantur,
1640 5151 1747 5223 scripta
1772 5151 1810 5209 ub

156 5210 183 5292 la
193 5225 339 5267 coruonno
354 5211 522 5284 nnpurrale),
549 5211 614 5295 itdo
630 5216 747 5289 linguas
761 5217 788 5275 lo
802 5218 952 5277 Blancson
1008 5218 1122 5275 Hernici
1138 5219 1290 5291 partiariis,
1307 5220 1408 5275 morito
1423 5218 1556 5276 dubites:
1577 5220 1618 5276 uti
1636 5228 1666 5277 et
1683 5236 1719 5280 ea

155 5282 245 5363 legat,
260 5289 289 5338 ot
310 5290 443 5338 retourne
461 5296 498 5365 eu
519 5285 599 5343 ltalte
614 5300 684 5344 avoc
699 5303 765 5360 pom
806 5290 901 5356 ,snivi
914 5287 951 5347 du
1006 5295 1104 5345 contra
1120 5289 1212 5361 ipsum
1229 5289 1332 5361 scripta
1349 5296 1416 5346 sunt
1429 5304 1445 5345 n
1460 5291 1549 5363 partis
1569 5290 1697 5348 melioris
1711 5262 1748 5351 de
1759 5309 1808 5352 eu·

155 5359 273 5424 contege
288 5349 323 5408 de
336 5365 383 5407 ses
396 5359 547 5436 partusuris.
564 5355 605 5414 Cl.
621 5357 718 5431 Voigt,
731 5365 749 5415 t.
785 5399 793 5426 ,
807 5373 835 5430 p.
852 5360 914 5417 312.
1006 5359 1128 5427 sonibus,
1143 5359 1364 5433 liundouaquam
1380 5360 1409 5416 iu
1422 5360 1554 5417 omnibns
1564 5369 1641 5418 certa
1654 5370 1733 5422 sunt.

193 5422 235 5493 (o)
256 5424 356 5494 louge
371 5422 451 5479 olncr
465 5425 560 5483 alnde
579 5435 670 5485 mono
684 5429 825 5498 ltodutpnt
842 5445 848 5486 :
865 5444 951 5501 quom
1043 5431 1083 5503 (ἱ)
1104 5431 1319 5503 L’oxprossiou,
1344 5430 1370 5487 si
1394 5431 1449 5488 elle
1475 5430 1548 5489 n'ost
1574 5433 1722 5492 courtoise
1767 5448 1805 5492 ne

155 5492 190 5551 ab
201 5490 349 5574 aquilifero
360 5493 490 5576 Caesareo
503 5496 695 5569 (dodollidum
710 5498 879 5581 bullionium
890 5516 950 5558 cro·
1005 5516 1130 5586 meaeque
1147 5517 1199 5574 pas
1217 5499 1374 5630 d'euerg'ie.
1388 5503 1435 5584 ⁶⁰.
1447 5501 1613 5577 isagogae
1630 5476 1741 5579 regui
1752 5505 1805 5564 des

155 5563 225 5643 dunt
240 5562 328 5619 luisse
340 5564 480 5639 nonnulli)
500 5569 676 5638 transfixum,
689 5576 718 5627 ot
728 5567 764 5626 ab
778 5570 834 5628 alto
848 5586 948 5645 supcr-
1005 5571 1168 5644 iterationes
1181 5579 1210 5632 et
1223 5571 1274 5629 des
1288 5587 1320 5631 sc
1343 5580 1520 5649 ismatrqucs,
1532 5582 1575 5634 ost
1586 5574 1736 5637 contortus
1748 5590 1804 5641 tux

154 5640 288 5692 vernante
300 5631 415 5694 denum
432 5640 593 5699 mutilatum
608 5641 714 5699 volunt.
733 5644 769 5700 Et
784 5640 819 5700 de
833 5641 949 5703 dextera
1005 5642 1200 5705 babitudesdu
1212 5650 1315 5718 temps.
