3952 6188
178 342 240 407 159
615 328 820 404 'aenean
841 328 887 402 111
907 326 1363 402 OPERA-sneuon‘as
1767 324 1838 394 7110

179 502 300 566 cantur
311 497 362 562 llll
375 498 432 578 qul
440 500 517 561 sunt
525 498 560 560 ln
574 494 789 561 tribulatione
798 493 974 573 pallentes,
1027 493 1130 556 Beati
1149 496 1210 570 put
1234 494 1417 560 seruiuctis
1441 457 1551 570 ucper
1575 507 1697 557 omnes
1716 508 1838 570 cauus

179 598 267 663 sicut
278 599 414 661 suerunt
424 598 599 675 martyres,
616 595 836 666 consessores,
847 594 880 656 et
892 608 977 670 pau·
1029 587 1087 670 (Is.
1104 591 1720 672 33311,1011133131333313131333,
1741 592 1838 654 sicut

180 712 278 775 peres
289 699 321 759 et
337 695 459 773 reliqui
474 694 530 773 qui
557 693 721 756 sustinent
743 691 976 754 tribulationes
1028 687 1109 752 dicit
1126 692 1272 753 ioannes
1286 688 1320 751 ln
1346 688 1565 769 Apocalypsi:
1581 694 1690 765 Apum
1706 689 1838 751 mutim

180 793 356 873 patienter.
370 792 463 855 Unde
483 791 518 853 in
535 791 795 867 Evangeliozlu
804 788 976 864 patientie
1028 787 1110 848 suut
1129 790 1249 863 pepedi
1274 788 1374 851 multi
1398 784 1513 866 (Apoc.
1538 786 1688 867 xr11,1).
1718 789 1835 863 Super

180 891 301 952 oestro
318 890 537 966 possidebitis
561 893 699 950 animas
711 887 858 949 vestras.
880 883 974 963 (buc.
1029 898 1145 945 omnes
1163 898 1268 963 aquas
1285 885 1450 946 seminare
1469 885 1531 956 331,
1547 885 1677 945 sunaus
1692 884 1835 961 populis

181 1000 254 1061 xxr,
267 983 973 1067 19113133331331131313113333333111333,
1028 979 1105 1043 vitae
1118 980 1254 1043 verbum
1275 980 1469 1059 predicare.
1491 982 1532 1042 111
1547 981 1622 1042 ideo
1636 980 1731 1042 beati
1752 982 1837 1041 sunt

182 1098 226 1146 ne
253 1085 386 1147 uirtutis
414 1100 508 1146 amor
534 1086 683 1161 tempore
713 1081 774 1143 otii
802 1079 976 1157 meeum,-
1029 1077 1086 1156 qul
1113 1078 1289 1151 seminant,
1319 1077 1416 1151 idest,
1446 1078 1503 1155 qui
1526 1077 1724 1156 praedicant,
1751 1078 1835 1155 quta

179 1185 378 1257 armatum,
410 1183 447 1244 ut
465 1181 562 1259 juxta
587 1179 815 1242 tribulationis
843 1176 977 1240 modum
1029 1175 1169 1237 trucium
1193 1174 1270 1238 rita
1294 1174 1420 1238 iaciunt
1443 1174 1478 1236 in
1500 1173 1666 1237 mentibus
1681 1174 1834 1236 audien-

183 1278 376 1341 nnirersum
391 1277 507 1357 gloriae
528 1276 658 1356 pondus
682 1276 836 1354 accipiat,
849 1279 978 1351 proba-
1029 1273 1122 1334 tium.
1139 1270 1191 1334 1111
1204 1273 1261 1351 qul
1275 1274 1353 1335 sunt
1368 1272 1403 1334 ln
1421 1272 1517 1345 lecto,
1539 1271 1723 1348 designant
1744 1271 1833 1333 reli-

183 1374 314 1438 tiouem
338 1377 375 1438 ut
399 1377 519 1438 restrae
548 1374 714 1437 instantlae
742 1372 903 1435 fortitudo
934 1370 978 1433 ad
1029 1368 1706 1447 313333,33133133113313333313331113
1725 1367 1832 1437 lecte,

183 1472 372 1549 exemplum
390 1472 580 1534 hominibus
595 1472 793 1533 innotescat.
809 1470 887 1531 Tria
901 1471 978 1531 sunt
1030 1466 1076 1529 ita
1089 1466 1238 1543 religiosi
1248 1466 1460 1544 requiescunt
1474 1465 1508 1527 in
1518 1465 1627 1542 gratia
1643 1465 1718 1526 Dei.
1734 1464 1832 1527 Unde

184 1569 379 1646 opponenda
407 1569 612 1632 adversitati.
642 1569 829 1630 Electorum
854 1582 977 1642 agones
1029 1563 1223 1642 Apostolus:
1248 1566 1423 1626 Habemus
1442 1564 1606 1641 oratiam,
1630 1576 1700 1637 per
1723 1577 1832 1636 eumn

184 1667 217 1728 et
237 1668 411 1743 angustiae,
428 1684 510 1745 qrras
523 1666 695 1745 patiuntur
718 1665 776 1742 qui
790 1664 845 1743 pie
863 1664 979 1727 volunt
1029 1664 1227 1723 serviamus
1235 1664 1306 1724 Dea
1316 1661 1491 1736 placentes
1500 1663 1571 1721 Deo
1582 1674 1663 1720 cum
1676 1659 1778 1720 nwtu
1791 1674 1832 1721 ac

184 1761 221 1823 in
258 1763 389 1826 christo
422 1763 562 1837 rivere,
606 1761 836 1839 Redemptoris
870 1760 980 1823 afflie-
1031 1759 1231 1821 reverentie
1249 1755 1364 1837 (Hebr.
1388 1772 1449 1827 xn,
1466 1754 1533 1835 111).
1547 1757 1606 1818 1311
1620 1772 1640 1817 3
1655 1755 1832 1817 laboribus

183 1857 294 1921 tiones
308 1860 342 1921 et
363 1860 526 1923 molestiae
540 1875 623 1938 quas
636 1860 667 1921 ei
690 1857 866 1920 saerissimi
880 1859 978 1935 prin·
1031 1855 1065 1917 et
1077 1854 1272 1917 tumultibus
1287 1855 1387 1932 bajus
1408 1853 1524 1916 saeculi
1543 1853 1720 1931 quiescunt
1740 1856 1776 1915 31
1797 1853 1832 1914 13

187 1955 278 2033 cipes
299 1956 493 2019 intulerunt.
533 1956 710 2035 Dispositio
748 1955 979 2018 moderatricis
1032 1953 1143 2029 quiete
1185 1953 1311 2015 sanetae
1344 1951 1608 2013 conversationis
1645 1950 1831 2011 dormiunt.

181 2053 333 2130 justitiae,
351 2056 445 2132 quus
460 2054 668 2116 altitudinem
692 2053 790 2131 quasi
802 2052 906 2129 uirga
918 2055 980 2115 1ο-
1034 2048 1127 2113 Unde
1150 2049 1186 2111 in
1202 2048 1338 2111 11331133
1351 2048 1560 2111 canticorum
1578 2063 1702 2125 sponsa
1720 2048 1833 2125 loqui-

186 2150 269 2227 sepb
295 2151 518 2215 summitatem
538 2168 604 2214 non
619 2152 797 2223 discutere,
821 2149 878 2211 sed
894 2150 979 2212 ado·
1033 2148 1088 2209 tur
1098 2147 1232 2210 dicens:
1249 2148 1468 2224 duodennio
1482 2146 1516 2208 31
1529 2161 1590 2208 eor
1602 2161 1724 2207 meum
1738 2148 1832 2223 vipi-

186 2262 263 2309 rare
279 2248 445 2311 debemus.
467 2252 548 2313 Haeo
573 2251 651 2311 sunt
668 2250 733 2311 tria
754 2249 832 2325 illa:
857 2247 978 2320 hostia,
1033 2246 1082 2307 131
1094 2241 1201 2324 (Cant.
1215 2261 1247 2316 r,
1261 2242 1306 2323 2).
1318 2243 1538 2305 Bonusliomo
1551 2242 1686 2314 dormit,
1699 2243 1833 2320 quando
1961 2280 1962 2287 .

186 2346 310 2414 vectes,
326 2347 360 2408 et
370 2347 505 2409 termini
520 2346 639 2424 quibus
659 2346 819 2409 Dominus
838 2346 983 2407 circum·
1034 2343 1069 2404 iu
1103 2342 1212 2418 gratia
1246 2340 1306 2402 Del
1335 2340 1535 2419 requiescit,
1573 2340 1632 2402 sed
1668 2356 1730 2401 cor
1761 2343 1833 2418 ejus

188 2440 245 2504 131
268 2458 360 2504 mare
380 2445 505 2505 saculi.
528 2443 691 2506 Triforme
711 2444 763 2506 331
785 2443 981 2506 exercitium
1034 2438 1131 2503 debet
1157 2439 1310 2517 uigilare,
1334 2438 1445 2510 idest,
1472 2438 1513 2500 ad
1537 2439 1641 2500 Deum
1666 2439 1832 2500 intentum
1961 2468 1962 2543 3

188 2537 380 2614 electorum,
394 2540 572 2604 austeritas
583 2541 788 2619 jejuniorum
802 2556 867 2618 qua
880 2555 983 2602 exco-
1034 2553 1119 2601 esse.
1143 2537 1226 2610 Quia
1245 2536 1331 2599 sieut
1351 2535 1411 2597 ille
1431 2535 1489 2614 qui
1507 2535 1639 2608 dormit,
1657 2536 1773 2597 cessat
1792 2534 1834 2597 ali

187 2634 269 2697 11133
282 2639 372 2699 terra
387 2639 509 2711 carnis,
527 2638 714 2701 utri-uotum
728 2637 825 2710 13331,
838 2638 984 2699 assidui·
1035 2651 1146 2714 opere,
1165 2634 1211 2698 113
1232 2634 1291 2696 1113
1312 2634 1369 2712 qui
1387 2633 1604 2710 glorificatur,
1620 2635 1768 2696 cessata
1783 2632 1834 2694 la·

187 2732 240 2794 tas
252 2732 430 2794 lectionum
441 2751 505 2812 qua
519 2735 670 2797 relicitur
683 2736 782 2797 bomo
792 2735 933 2797 interior
948 2736 984 2798 ut
1034 2731 1127 2795 bore.
1144 2731 1238 2794 Unde
1251 2734 1398 2794 loannes
1415 2729 1451 2791 in
1463 2729 1682 2807 Apocalypsi:
1702 2733 1836 2793 Amodo
1961 2792 1962 2799 ,

189 2829 394 2906 pinguescat,
416 2831 576 2893 instantia
596 2831 784 2894 orationum
803 2848 868 2910 qua
890 2847 983 2893 mens
1027 2833 1108 2905 ,1331
1120 2830 1203 2892 dieti
1216 2830 1379 2904 Spiritus,
1401 2828 1441 2889 ut
1461 2828 1679 2902 requiescant
1703 2843 1728 2888 3
1742 2832 1836 2891 1313-

191 2926 234 2988 31
249 2926 807 3006 331331133133331113333333331.
825 2929 983 2991 lstirecte
1035 2931 1132 2989 ribtis
1148 2931 1222 2989 suis
1241 2923 1357 3003 (Apoc.
1378 2941 1448 2997 xir,
1470 2923 1535 3005 13).
1557 2924 1610 2985 llli
1632 2924 1690 3002 qui
1705 2925 1832 2985 suntin

192 3023 351 3087 dicuntur
373 3026 649 3104 supplantatores,
663 3027 743 3104 quia
754 3026 893 3088 vincunt
905 3025 983 3087 dia·
1036 3024 1121 3085 mola
1138 3022 1241 3084 laicos
1254 3020 1535 3100 significantquia
1555 3021 1746 3083 admodum
1760 3038 1833 3083 mo·

193 3120 317 3184 bolum.
332 3125 378 3185 De
386 3124 505 3202 quibus
520 3124 601 3186 dicit
613 3126 632 3186 J
635 3139 759 3186 oannes
767 3125 802 3185 in
813 3122 959 3202 Epistola
974 3145 982 3184 :
1036 3122 1143 3184 larum
1159 3134 1289 3197 semper
1303 3121 1337 3181 in
1353 3119 1493 3180 circuitu
1511 3117 1649 3190 331331,
1668 3122 1704 3181 31
1720 3118 1783 3180 huc
1796 3120 1831 3180 et

197 3220 262 3282 Vos
275 3236 323 3282 333
335 3225 482 3284 Domino
492 3223 585 3296 33113,
606 3223 641 3283 et
653 3223 784 3284 vicistis
794 3224 985 3298 matianum
1036 3221 1117 3281 illuc
1137 3218 1338 3289 discurrunt,
1359 3215 1416 3278 sed
1437 3215 1574 3277 istorum
1594 3217 1731 3295 quidam
1756 3218 1833 3278 «inu

194 3313 511 3399 (11333.3,13,11),
527 3318 623 3391 11331,
635 3318 814 3393 diabolum,
827 3317 905 3397 quia
920 3319 985 3381 tor-
1037 3316 1125 3387 boni,
1151 3316 1184 3377 et
1207 3313 1339 3392 quidam
1355 3315 1432 3375 suut
1446 3313 1536 3374 niuli.
1555 3314 1634 3375 Ideo
1655 3313 1779 3375 dicitur
1797 3314 1831 3375 in

194 3412 261 3475 tior
276 3415 332 3492 qui
347 3415 381 3477 in
404 3415 499 3478 robis
513 3416 574 3489 est,
599 3416 696 3488 idest,
713 3416 873 3490 Christus,
886 3432 984 3494 quam
1037 3413 1238 3489 Evangelio:
1263 3414 1354 3474 liius
1370 3411 1583 3481 assumetur,
1608 3411 1642 3473 et
1664 3414 1757 3474 citer
1775 3427 1832 3474 re-

191 3511 296 3588 quiin
308 3512 430 3576 mundo
445 3514 505 3585 est,
517 3513 614 3585 idest,
631 3512 794 3575 11313133.
1036 3511 1222 3586 linquetur.
1253 3511 1348 3572 Unus
1375 3510 1572 3581 assumitur,
1595 3508 1764 3581 uidelicet,
1790 3508 1830 3569 ad

229 3608 375 3670 ioannes
399 3611 521 3683 autem,
542 3614 601 3685 qui
621 3614 685 3672 Det
709 3612 827 3688 pretia
850 3610 983 3683 dicitur,
1038 3607 1191 3684 gloriam,
1210 3606 1243 3669 ei
1261 3606 1346 3668 31133
1364 3606 1583 3684 relinquetur,
1609 3605 1773 3678 videlicet,
1795 3606 1830 3666 in

189 3703 366 3780 religiosos
401 3706 554 3783 designat
583 3707 765 3785 inquibus
799 3710 851 3769 est
877 3708 985 3784 gratia
1038 3721 1147 3783 prena.
1162 3704 1282 3766 Aliter:
1297 3705 1377 3765 Tres
1391 3704 1546 3780 discipuli
1562 3703 1829 3780 sigulisscauttres

191 3800 271 3873 Dei:
288 3800 365 3877 quia
382 3801 466 3864 sicut
481 3802 546 3879 ipsi
559 3806 637 3865 sunt
648 3804 791 3865 absoluti
805 3820 824 3866 a
841 3805 985 3867 saecula·
1038 3802 1174 3864 ordines
1195 3802 1230 3861 in
1257 3800 1414 3862 Ecclesia.
1430 3803 1497 3862 Per
1510 3801 1646 3862 Petrum
1670 3799 1832 3876 intelligi·

191 3895 285 3958 ribus
304 3898 447 3974 negotiis
471 3898 569 3976 ludus
584 3899 714 3971 mundi,
731 3901 778 3962 ita
793 3901 870 3962 sunt
884 3900 986 3963 abso·
1039 3916 1112 3960 3133
1123 3899 1300 3974 prietates,
1320 3898 1392 3959 sire
1415 3898 1633 3976 conjugatos:
1650 3913 1709 3975 per
1731 3899 1832 3961 1333-

190 3992 291 4056 13113
313 3995 405 4057 311113
429 3995 462 4058 31
484 3996 645 4074 peccatis,
672 3997 749 4074 quia
769 3997 883 4058 333313
905 4013 988 4059 con·
1038 3997 1115 4057 bum
1143 3996 1375 4069 continentes,
1419 3996 1491 4057 sire
1524 3996 1745 4073 poenitentes:
1776 4010 1834 4072 per

191 4092 338 4153 versatio
353 4093 987 4171 33131113313311333311313331133133
1038 4096 1199 4157 ioannem
1218 4092 1276 4171 qui
1298 4091 1362 4153 1311
1383 4088 1490 4167 virgo,
1515 4093 1675 4168 uirgines.
1699 4093 1833 4153 1113331

191 4195 331 4266 apparet
340 4187 375 4250 in
385 4189 444 4263 eis,
462 4190 539 4268 quia
551 4193 672 4253 vacant
684 4191 892 4264 lectionibus,
909 4207 988 4255 ora·
1038 4191 1107 4253 tres
1120 4190 1185 4252 riri
1200 4189 1250 4250 illi
1267 4204 1350 4266 quos
1371 4188 1525 4251 Ezechiel
1548 4189 1632 4251 uidit
1653 4190 1689 4250 in
1708 4190 1835 4250 risione

190 4285 349 4358 tionibus,
377 4287 410 4350 et
437 4288 575 4366 reliquis
601 4288 720 4350 studiis
744 4289 984 4367 spiritualibus,
1039 4302 1112 4348 esso
1135 4285 1323 4356 salvandos,
1345 4283 1510 4357 videlicet,
1533 4285 1617 4356 Νῠθ»
1645 4285 1779 4357 Daniel,
1805 4284 1836 4346 11

192 4383 280 4446 3313
305 4385 500 4463 Apostolus:
525 4389 636 4448 Nemo
664 4387 817 4449 3311113113
840 4389 987 4451 Domino
1038 4383 1111 4447 iob.
1126 4384 1208 4444 Tres
1221 4396 1301 4458 ergo
1315 4380 1397 4443 13133
1412 4381 1592 4459 discipulos
1615 4383 1762 4443 assumit
1777 4383 1835 4444 13-

191 4482 343 4557 implicat
356 4498 394 4544 se
408 4484 780 4560 repotiissceouiartbus
795 4483 932 4563 (111131.
947 4500 984 4558 11,
1039 4496 1107 4554 sus,
1128 4479 1205 4557 quia
1223 4480 1292 4540 tres
1313 4478 1447 4540 ordines
1462 4478 1609 4540 fidelium
1623 4479 1756 4555 accepit
1774 4481 1839 4540 Do-

192 4575 238 4655 4),
263 4579 341 4654 quia
367 4580 425 4658 qui
445 4581 550 4657 tangit
574 4580 693 4659 picem,
717 4581 988 4659 coinquinabitur
1039 4578 1149 4639 minus
1168 4575 1287 4654 quibus
1310 4575 1453 4651 gloriam
1477 4591 1547 4637 suae
1571 4575 1761 4653 majestatis
1785 4592 1839 4638 os-

193 4673 236 4734 31
251 4690 301 4735 ea.
1042 4673 1175 4736 tendere
1191 4672 1358 4749 dignatur,
1373 4671 1432 4733 sed
1448 4687 1515 4734 non
1530 4687 1645 4734 omnes
1660 4673 1703 4734 13
1726 4672 1838 4737 omni-

232 4772 280 4831 De
294 4770 348 4831 bis
366 4771 473 4833 tribus
496 4774 667 4836 ordinibus
682 4774 763 4838 dicit
777 4776 937 4838 Dominus
952 4777 986 4839 in
1039 4772 1111 4843 bus,
1119 4769 1424 4849 quiamultirocati,
1432 4769 1617 4847 paucirero
1624 4769 1737 4832 electi.
1748 4770 1840 4833 Unde

193 4867 396 4942 Evangelio:
419 4869 534 4929 Erunt
551 4872 619 4931 duo
638 4875 676 4932 iu
692 4887 789 4946 apro,
809 4874 844 4935 et
866 4878 932 4937 duo
950 4877 988 4937 tu
1041 4867 1238 4944 Gregorius:
1252 4869 1387 4928 «Pauca
1406 4866 1484 4928 sunt
1497 4881 1601 4942 grana
1619 4883 1695 4944 quae
1708 4867 1840 4929 borneis

192 4964 288 5035 13313,
309 4963 343 5024 31
366 4966 432 5024 dito
453 4967 490 5024 tu
504 4970 614 5039 motu:
630 4982 722 5029 uuus
732 4973 932 5033 assumetur
954 4974 989 5036 31
1041 4963 1295 5036 conservantur,
1314 4965 1345 5026 31
1358 4963 1619 5025 innumerabiles
1634 4966 1714 5027 sunt
1728 4964 1841 5028 scant

193 5061 284 5123 atter
294 5060 510 5134 relinquetur
526 5058 763 5140 (Mattb.xx1r,
781 5065 845 5146 40).
862 5068 916 5129 illi
931 5070 987 5146 qui
1041 5063 1212 5141 palearum
1225 5061 1282 5139 qui
1295 5061 1429 5138 ignibus
1444 5060 1695 5123 comburuntur.
1705 5079 1726 5122 s
1738 5061 1841 5125 Pauci
1961 5050 1962 5131 J

195 5158 324 5220 suntin
347 5173 428 5235 agro
450 5158 696 5221 ecclesiasticos
715 5164 915 5239 significant,
932 5166 989 5245 qui
1042 5158 1728 5237 33311331331333311111111111031111111,
1746 5158 1842 5222 multi
1961 5138 1962 5159 1

194 5254 353 5331 unquam
374 5255 531 5332 agricola
546 5269 658 5317 semen
673 5257 793 5335 ubique
808 5263 939 5324 Domini
952 5264 989 5325 13
1042 5260 1119 5319 3331
1134 5256 1214 5318 mali
1235 5255 1293 5335 qui
1311 5255 1547 5320 comburentur
1561 5255 1596 5317 in
1611 5256 1726 5333 ignem
1742 5260 1844 5320 aeter-
1961 5312 1962 5329 ,

195 5351 287 5413 terra
299 5351 435 5413 humani
451 5351 560 5413 cordis
580 5354 745 5416 seminare
760 5372 826 5419 non
844 5363 987 5424 cessant.
1042 5371 1132 5417 num.
1144 5353 1383 5431 DtApostolus:
1396 5355 1521 5416 omues
1529 5356 1667 5430 quidem
1678 5356 1841 5427 3111111111,
1961 5340 1962 5393 1

194 5446 292 5508 ‚Unde
306 5448 429 5510 dicitur
440 5448 476 5509 in
490 5449 691 5524 Evangelio:
710 5454 834 5516 Semeu
848 5458 900 5518 est
914 5474 991 5520 oer-
1042 5455 1203 5515 aedituus
1216 5451 1339 5526 accipit
1353 5452 1513 5513 13331313
1528 5448 1557 5530 (1
1574 5451 1648 5511 Gor.
1665 5466 1715 5524 rx,
1731 5450 1801 5532 24.)

198 5544 990 5624 113131113333311).11111133383131333
1081 5547 1233 5611 Vidimus
1254 5562 1366 5610 coram
1382 5547 1502 5625 quibus
1519 5546 1785 5624 transfiguratus
1796 5550 1846 5612 331

198 5640 320 5698 cecidit
351 5644 388 5702 iu
422 5641 558 5703 terram
582 5643 703 5704 133313
707 5686 767 5707 .....
797 5650 836 5713 at
863 5652 988 5717 Isaiae:
1044 5644 1214 5709 Dominus.
1229 5644 1407 5708 Videamus
1426 5643 1487 5707 311
1503 5644 1761 5722 usurpemus
1782 5649 1843 5711 est
