3952 6188
121 327 182 392 817
629 321 834 385 DOMINICA
855 316 1073 383 PASSIONIS
1094 316 1258 379 nomini.
1707 313 1768 377 818

122 485 361 566 poenitentiam,
390 498 451 563 per
475 480 584 547 cordis
613 480 862 553 contritionem,
884 478 918 542 et
970 476 1163 554 telligebant
1187 475 1238 538 illi
1267 473 1324 553 qui
1363 470 1541 536 dicebant:
1564 472 1767 540 octaceoc

120 585 344 660 lacrymarum
369 582 576 653 effusionem,
592 580 724 643 delerit.
739 577 917 655 Undeipse
968 569 1765 650 promttsuperbictautdivitiarumjactcnttc,

120 680 274 743 dicebat:
288 682 422 741 mondo
441 689 511 754 per·
533 682 687 754 maumas
709 678 825 738 noctes
845 672 914 754 (Ps.
970 674 1051 746 quid
1063 671 1204 733 contulit
1216 672 1335 732 noent
1351 666 1443 748 (Sap.
1457 686 1489 741 v,
1503 667 1550 748 8.)
1560 670 1655 743 Erpa
1664 680 1769 728 erro-

119 781 151 850 6,
175 776 221 857 7),
238 776 335 849 idest,
359 793 419 854 per
430 775 705 852 singulacrimina
722 775 755 835 et
766 774 914 850 peccata,
970 770 1084 829 vimus
1104 767 1309 839 aventato,
1335 767 1370 828 et
1383 767 1534 839 justitias
1558 768 1674 826 lumen
1699 776 1768 823 non

118 876 245 936 ectum
266 888 394 945 oneum,
410 873 508 942 idest,
535 870 774 934 conscientiam
795 885 914 931 meam.
968 863 1210 926 luoettnobtcet
1223 864 1516 940 soitrtteoipenaae
1530 861 1769 924 lzoncstortus

119 972 215 1044 Quia,
241 971 328 1033 sicut
350 970 473 1031 dicitur
484 969 519 1030 in
536 969 729 1031 Ezechiele:
747 970 918 1034 muscum-
969 964 1007 1023 iu
1016 963 1112 1024 node
1124 960 1216 1042 (Sap.
1232 977 1264 1032 v,
1280 958 1327 1038 6).

117 1083 184 1144 pace
199 1072 287 1131 bora
299 1068 462 1143 peccator
480 1081 668 1129 conocrm
691 1066 799 1141 meent
813 1065 847 1128 et
860 1068 917 1126 in-
1009 1057 1246 1119 Verumtamen
1266 1056 1320 1117 his
1344 1055 1462 1129 modis,
1496 1072 1578 1134 quos
1609 1054 1765 1126 diximus,

116 1166 303 1243 pemuertt,
321 1167 477 1227 mentum
499 1164 722 1239 iniquitatum
744 1165 820 1236 eius
846 1175 916 1223 non
947 1237 952 1245 Ι
969 1155 1129 1216 Dominus
1142 1169 1204 1216 nec
1218 1155 1315 1230 argui
1328 1152 1451 1226 debuit,
1468 1169 1530 1215 nec
1540 1152 1656 1230 potuit.

116 1265 327 1325 recordabor
350 1260 483 1341 (Erech.
510 1274 634 1334 xxx111,
663 1262 713 1333 12,
744 1258 808 1339 16).
833 1259 916 1321 cain
1010 1252 1209 1315 Patientiam
1244 1252 1344 1314 etiam
1373 1250 1587 1313 considerare
1608 1249 1766 1310 debemus

116 1375 199 1423 vero
211 1358 253 1421 ad
267 1358 535 1436 reprobationem
546 1357 827 1434 redarguitusest,
837 1358 915 1434 quia
968 1349 1004 1410 in
1018 1349 1162 1421 Christo,
1187 1348 1244 1427 (lui
1268 1346 1419 1425 permisit
1428 1363 1464 1409 80
1479 1346 1585 1423 spinis
1598 1344 1765 1416 coronari,

116 1457 154 1519 ut
168 1456 297 1518 audivit
308 1472 328 1517 a
340 1458 408 1518 Deo
425 1477 433 1516 ε
453 1456 698 1531 Udtestt’rctcr
717 1455 797 1517 tuus
816 1457 916 1517 Abetl
970 1460 1067 1508 cruce
1089 1446 1258 1523 suspendi,
1275 1446 1309 1508 et
1327 1445 1431 1508 clavis
1446 1441 1579 1520 configi.
1603 1443 1766 1515 Christus»

116 1568 194 1616 ecce
208 1568 279 1615 oon
299 1556 481 1630 supputate
504 1556 580 1625 mus
597 1551 782 1614 ctomotad
803 1566 860 1613 me
874 1556 915 1614 dc
969 1568 1044 1613 cum
1053 1551 1502 1630 sitRexregumetDominus
1511 1549 1764 1618 dominantium,

118 1650 436 1730 terra(t}en.1v,9,
462 1649 526 1730 10),
547 1648 722 1711 obduravit
742 1664 915 1711 corsuum
968 1651 1120 1727 permisit
1134 1666 1171 1712 se
1190 1648 1297 1726 spinis
1313 1649 1480 1720 coronari,
1497 1648 1533 1709 ut
1556 1662 1618 1708 nos
1636 1644 1765 1706 libera-

115 1747 150 1809 ct
178 1745 361 1824 desperans
390 1745 476 1808 dixit
500 1767 508 1806 z
530 1749 647 1819 Major
674 1746 915 1819 estiomenus
968 1763 1082 1809 remur
1108 1762 1129 1808 a
1155 1762 1279 1808 corona
1306 1743 1552 1815 tribulationis,
1575 1758 1649 1819 quae
1669 1743 1766 1803 datur

115 1859 196 1905 mec
209 1859 313 1917 quom
322 1844 512 1905 cicentem
522 1857 666 1905 merear
675 1840 772 1922 (ibid.
788 1857 834 1915 1v,
849 1839 913 1921 13).
969 1843 1133 1906 damnatis
1147 1844 1183 1905 in
1196 1843 1337 1905 interno.

116 1940 213 2003 Unde
227 1941 275 2002 ait
285 1941 528 2018 Hieronymus:
551 1938 690 2000 «Solum
716 1940 840 2000 crimen
865 1940 916 2002 est
1008 1941 1087 2003 'lnia
1108 1940 1264 2003 convenit
1283 1940 1319 2001 in
1339 1938 1495 2018 passione
1516 1935 1689 1999 Dominlca
1709 1934 1766 1997 in·

117 2038 208 2114 quod
222 2038 354 2099 veniam
369 2037 526 2113 consequi
547 2051 615 2097 non
643 2036 760 2113 potest,
775 2036 913 2105 scilicet,
968 2037 1183 2116 tuerizopus,
1207 2038 1351 2109 modum,
1378 2038 1412 2099 et
1432 2051 1580 2098 causam.
1605 2035 1643 2095 in
1664 2047 1765 2111 opere

114 2135 223 2197 solum
235 2134 476 2212 desperationis
493 2133 615 2195 vulnus
626 2134 677 2196 est
688 2132 775 2210 quod
788 2134 914 2195 mederi
967 2135 1056 2195 enim
1066 2133 1238 2211 patientia,
1250 2133 1287 2194 in
1301 2132 1398 2195 modo
1412 2131 1597 2204 humilitas,
1612 2130 1648 2191 in
1662 2143 1765 2191 causa

116 2246 186 2292 non
198 2233 307 2310 queat.
323 2250 342 2292 s
968 2231 1115 2292 ebaritas
1126 2229 1385 2291 commendatur.
1392 2228 1560 2290 Patientia
1568 2226 1761 2302 singularis,

153 2329 338 2405 Arguimur
350 2344 369 2389 a
380 2328 532 2405 proximo
546 2327 746 2406 inpraesenti
755 2326 823 2390 vita
835 2327 869 2389 et
878 2326 914 2388 in
968 2326 1210 2404 quiavidelicet
1223 2342 1324 2403 quum
1338 2324 1509 2403 pateretur
1522 2339 1590 2384 non
1604 2322 1765 2383 adversus

112 2425 239 2486 futura.
264 2425 326 2487 Hic
337 2426 373 2485 ut
387 2425 438 2487 est
446 2425 516 2486 ilud
528 2425 702 2501 Evangelii
716 2446 724 2485 z
740 2424 914 2501 Arpucbat
967 2423 1095 2501 patrem
1121 2438 1334 2484 murmurans
1362 2437 1382 2483 a
1406 2438 1471 2500 quo
1493 2420 1615 2482 missus
1643 2419 1763 2491 iuerat,

109 2525 266 2583 loannes
299 2524 474 2583 Herodem
503 2523 651 2596 propter
681 2524 913 2600 limodicdcm
968 2536 1035 2583 non
1048 2520 1209 2582 adversus
1229 2536 1334 2597 genus
1347 2518 1530 2581 humanum
1541 2534 1601 2596 pro
1612 2532 1677 2595 quo
1688 2530 1762 2594 quae

111 2616 248 2696 (Metili.
272 2633 341 2689 xiv,
357 2620 377 2678 3
393 2640 400 2692 ;
417 2619 520 2679 Marc.
536 2635 581 2690 vr,
603 2617 668 2698 18),
684 2618 764 2696 quia
791 2619 914 2682 tulerat
967 2634 1035 2680 nou
1060 2617 1173 2694 rapuit
1195 2614 1398 2679 exsolvebat.
1428 2618 1506 2678 Non
1532 2615 1693 2693 denique,
1710 2613 1765 2675 vel

112 2714 212 2776 tratri
236 2729 296 2774 suo
319 2715 445 2777 viventi
468 2730 618 2779 uxorem.
644 2715 813 2793 Arguebat
831 2732 913 2780 sane
967 2717 1082 2779 contra
1107 2715 1266 2792 populum
1291 2713 1400 2792 ipsum
1428 2713 1631 2791 peculiarem
1654 2710 1718 2772 sihi
1743 2727 1765 2771 a

112 2813 190 2888 pius
213 2811 367 2889 impium,
392 2812 426 2875 et
453 2812 516 2875 boc
539 2815 673 2891 propter
700 2814 911 2877 manifestum
966 2829 1030 2890 quo
1043 2828 1103 2890 pro
1116 2813 1220 2874 tantis
1240 2811 1336 2873 bonis
1359 2811 1452 2872 tanta
1465 2810 1553 2872 mala
1570 2808 1762 2887 recipiebat.

113 2911 297 2986 peccatum.
317 2909 411 2970 Unde
424 2910 601 2986 Apostolus
613 2911 827 2989 praecipiebat
849 2913 910 2975 Ti·
964 2910 1158 2972 Plectuntur
1180 2908 1284 2987 aliqui
1294 2925 1355 2986 pro
1370 2908 1515 2986 peccatis
1525 2907 1637 2968 suiset
1652 2905 1765 2967 humi-

112 3005 247 3068 motheo
275 3004 389 3067 dicens
405 3022 413 3062 ε
429 3011 556 3083 Araus,
588 3012 742 3080 obsecra,
769 3013 911 3084 increpo
964 3007 1041 3068 liter
1050 3007 1226 3069 sustinent.
1240 3008 1310 3067 lloc
1320 3005 1429 3081 ipsum
1442 3005 1554 3065 tamen
1568 3004 1618 3064 eis
1631 3001 1673 3064 ad
1687 3018 1763 3080 poe-

112 3106 150 3166 tn
163 3103 435 3178 omnipotentio
454 3105 489 3165 et
497 3106 655 3167 doctrino
665 3103 846 3183 (llTim.1v,
862 3105 908 3186 2).
964 3103 1138 3167 nitentium
1156 3103 1340 3180 reputatur.
1366 3100 1594 3176 Flagellantur
1615 3100 1763 3171 alii,non

113 3202 201 3275 Ergo
216 3200 244 3260 si
259 3215 318 3278 per
331 3201 518 3278 exemplum
526 3201 665 3263 alterius
677 3202 771 3264 vobis
785 3203 909 3265 dictum
964 3200 1309 3278 tampurgandiquam
1327 3196 1488 3275 probandi
1503 3196 1761 3273 coronandique,

114 3297 189 3359 est:
206 3300 366 3359 Proedtco
379 3300 533 3370 verbum,
549 3300 642 3360 insto
662 3300 853 3374 opportune
876 3301 911 3361 et
964 3299 997 3359 et
1024 3299 1133 3374 major
1167 3297 1202 3357 in
1236 3295 1289 3357 his
1315 3295 1475 3373 patientia
1500 3292 1761 3356 commendatur.

105 3396 324 3467 importune,
354 3408 474 3469 orpus,
504 3397 654 3465 obsecra,
681 3399 834 3469 increpo,
861 3397 910 3458 sic
965 3394 1134 3467 Quomodo
1148 3409 1215 3456 non
1226 3393 1371 3454 maxima
1382 3392 1557 3455 censeatur
1571 3392 1606 3452 in
1615 3390 1759 3463 Christo,

113 3491 292 3566 vigilemus
307 3490 389 3550 etin
412 3490 566 3551 omnibus
581 3490 769 3553 laboremus
782 3493 909 3570 etopus
965 3492 1021 3570 qui
1034 3491 1075 3553 ab
1094 3492 1137 3552 iis
1157 3491 1277 3569 quihus
1301 3489 1522 3568 spiritualiter
1534 3490 1687 3551 Salvator
1707 3488 1764 3550 ad·

111 3585 276 3649 iaciamus
291 3585 523 3660 Evangelistae,
539 3587 573 3649 et
589 3591 738 3649 nostrum
753 3589 909 3652 ministe-
963 3589 1111 3661 venerat,
1145 3588 1380 3650 crudelissima
1416 3587 1522 3649 morte
1562 3586 1762 3648 mulctaturt

111 3685 200 3746 rium
233 3682 441 3760 impleamus.
472 3684 507 3744 Si
535 3684 677 3762 speciosi
708 3688 785 3748 sunt
809 3687 909 3765 pedes
965 3687 1058 3749 Sicut
1080 3685 1209 3748 nullum
1239 3685 1374 3749 omnino
1398 3684 1569 3761 peccatum
1595 3699 1658 3745 nec
1683 3685 1760 3746 actu

111 3779 413 3855 evangelizantium
441 3796 576 3858 paoem,
611 3783 909 3859 evangelizantium
964 3782 1428 3861 proprionec'contractu,sic
1450 3782 1564 3844 necin
1587 3797 1651 3860 quo
1664 3784 1760 3842 cres'-

112 3877 211 3949 bona,
227 3877 276 3938 sic
290 3876 447 3938 debemus
461 3893 576 3954 pacem
597 3879 797 3942 annuntiare
808 3882 842 3943 et
856 3882 909 3943 his
963 3896 1040 3942 cere
1055 3881 1159 3957 possit
1172 3879 1318 3941 babensi
1330 3879 1495 3941 Nimirum
1507 3879 1543 3940 in
1559 3877 1762 3956 quohibitat

113 3975 168 4051 qui
181 3988 284 4050 prope
308 3974 341 4035 et
360 3973 414 4034 his
433 3975 490 4051 qui
515 3974 614 4051 longe
640 3977 727 4049 sunt,
751 3977 796 4049 ut,
823 3979 909 4042 sicut
963 3976 1251 4056 omniapleuitudo
1275 3977 1471 4049 divinitatis
1488 3992 1555 4037 non
1577 3974 1761 4036 umbratice

114 4069 300 4148 suscipiunt
329 4071 457 4132 montes
490 4086 606 4148 pacem
634 4073 772 4150 populo,
798 4075 846 4136 ita
876 4077 909 4139 et
962 4074 1020 4135 sed
1039 4074 1268 4151 corporaliter,
1294 4074 1415 4151 inquo
1433 4075 1521 4139 Deus
1534 4073 1586 4136 est
1599 4070 1759 4133 mundum

113 4167 213 4228 collos
246 4167 428 4243 suscipiant
448 4167 624 4244 iustitiam.
656 4170 696 4230 nt
720 4170 761 4231 de
784 4170 905 4245 futuro,
963 4170 1183 4233 reconcilians
1197 4170 1273 4243 sihi,
1294 4186 1361 4231 non
1385 4170 1570 4246 figuraliter
1584 4169 1643 4232 sed
1658 4169 1758 4231 subs-

113 4263 199 4325 sicut
219 4263 354 4325 divitem
373 4264 538 4340 sepultum
554 4265 590 4324 in
604 4264 736 4326 interno
748 4267 909 4343 arguebat
961 4266 1156 4339 tantialiter,
1172 4266 1229 4343 qui
1244 4265 1387 4343 denique
1400 4267 1516 4345 plenus
1532 4267 1583 4329 est
1594 4267 1711 4342 gratiae
1726 4267 1760 4328 et

112 4359 278 4422 Abrabam
303 4376 342 4421 eo
366 4360 453 4438 quod
471 4361 610 4438 pauperi
635 4365 760 4425 maro
775 4365 907 4442 pietatis
961 4363 1113 4427 veniatis
1129 4379 1195 4425 non
1208 4363 1432 4440 cooperative,
1448 4363 1506 4424 sed
1526 4362 1757 4439 personaliter.

112 4472 244 4519 manum
270 4472 336 4518 non
361 4458 520 4534 porrexit,
550 4459 584 4520 et
606 4459 733 4534 guttam
758 4461 791 4522 ei
812 4477 907 4539 aquae
961 4462 1011 4522 Ita
1025 4461 1060 4521 in
1075 4475 1175 4536 opere
1189 4459 1290 4521 habet
1305 4459 1508 4536 patientiam.
1526 4460 1611 4520 Nam
1625 4458 1759 4522 modum

111 4553 278 4630 denegans
291 4554 378 4615 dixit
393 4575 400 4615 z
416 4558 494 4626 rot,
512 4559 798 4630 recorderapulc
811 4574 908 4621 rece·
960 4558 1069 4635 ipsum
1100 4558 1130 4618 si
1164 4556 1342 4632 diligenter
1363 4555 1524 4629 attendas,
1552 4572 1619 4618 non
1652 4552 1760 4618 solum

108 4652 191 4724 ptati
205 4653 343 4712 omacio
357 4652 511 4724 citatuo,
526 4652 560 4713 et
573 4654 731 4713 Lozomcs
744 4657 907 4717 similiter
960 4654 1072 4715 mitem
1105 4655 1273 4725 utendas,
1297 4655 1330 4716 et
1366 4653 1423 4715 sed
1452 4653 1612 4715 humilem
1646 4654 1756 4718 corde.

111 4752 200 4810 molo
218 4747 446 4810 evincentem
467 4751 521 4810 bic
542 4749 799 4822 consolatumtu
822 4767 906 4815 uero
960 4755 1086 4831 Nempe
1110 4752 1146 4813 in
1173 4751 1363 4814 humilitate
1383 4750 1547 4829 judicium
1572 4753 1645 4829 ejus
1673 4752 1757 4814 sub-

112 4848 281 4906 madoris
294 4843 388 4923 (Luc.
402 4860 470 4916 xvi,
487 4843 553 4924 25).
959 4852 1064 4913 latum
1089 4851 1156 4920 est,
1186 4865 1261 4911 cum
1296 4865 1358 4910 nec
1382 4849 1423 4910 ad
1456 4850 1566 4911 tantam
1600 4849 1759 4928 blasphe-

148 4941 360 5017 Arguimura
377 4941 789 5019 nobismetipsis,Jeremia
808 4946 903 5020 teste,
959 4949 1044 5010 mias
1067 4964 1129 5010 nec
1149 4947 1191 5009 ad
1217 4946 1397 5008 falsissima
1423 4963 1497 5024 quae
1521 4947 1585 5008 sibi
1616 4948 1756 5025 oincie-

112 5039 165 5114 qui
175 5039 296 5116 populo
309 5039 458 5115 peccanti
472 5038 554 5102 dicit
563 5061 576 5121 :¹
586 5043 718 5118 nequet
730 5044 762 5105 te
771 5046 906 5106 malitia
958 5046 1080 5108 bantur
1094 5046 1245 5117 crimma,
1259 5043 1485 5122 responderet.
1502 5044 1651 5106 Vidimus
1666 5061 1754 5119 eum,

112 5136 179 5205 tua.
215 5137 249 5198 et
278 5139 438 5198 edomate
471 5137 531 5199 tna
565 5142 641 5213 ipsa
662 5141 853 5216 increpabit
872 5143 904 5203 te
958 5144 1076 5221 iuquit,
1090 5143 1124 5205 et
1141 5158 1208 5205 non
1231 5143 1304 5205 erat
1317 5143 1482 5220 aspectus,
1492 5130 1565 5204 'non
1586 5142 1757 5218 speciosus

112 5227 240 5308 (nean,
259 5232 323 5310 19).
348 5228 625 5312 Tuncquis'quea
648 5236 783 5314 propria
801 5240 903 5301 mali·
958 5240 1064 5303 forma
1101 5257 1171 5318 prae
1208 5239 1287 5301 liliis
1322 5240 1494 5301 hominum
1533 5237 1591 5299 sed
1631 5254 1755 5315 oppro-

111 5328 155 5389 iia
170 5331 392 5407 redargu‘tur,
408 5331 486 5392 dum
505 5333 590 5410 quod
610 5335 768 5410 operatur
779 5336 903 5398 malum
957 5338 1067 5400 brium
1087 5338 1270 5409 hominum,
1287 5337 1445 5414 tanquam
1467 5336 1635 5413 leprosum
1650 5336 1683 5396 et
1694 5351 1757 5396 no-

111 5424 310 5504 intelligens,
332 5429 474 5490 interius
498 5429 535 5490 in
557 5432 666 5493 mente
690 5433 827 5510 gravius
842 5435 905 5497 sti·
956 5436 1129 5497 vissimum
1155 5436 1317 5498 virorum.
1346 5433 1450 5494 Plane
1481 5431 1590 5493 virum
1602 5431 1754 5496 dolorum

111 5524 263 5588 mulatur.
279 5528 382 5588 Pauci
400 5527 489 5589 enim
511 5528 590 5589 sunt
603 5528 660 5605 qui
679 5531 803 5592 malum
815 5532 901 5609 qnod
956 5549 976 5595 a
991 5537 1060 5597 Deo
1072 5548 1267 5611 percussum
1287 5532 1320 5593 et
1338 5529 1560 5600 humiliatum,
1574 5529 1621 5591 itu
1636 5529 1754 5592 utnon

112 5624 224 5696 agunt,
241 5639 306 5686 non
318 5623 515 5702 intelligunt.
528 5629 578 5687 An
593 5626 752 5690 malasua
767 5646 833 5691 non
848 5630 903 5692 in·
956 5633 1045 5696 esset
1065 5631 1098 5693 ei
1122 5647 1229 5709 neque
1251 5628 1392 5708 species,
1420 5641 1527 5706 neque
1551 5626 1661 5690 decor.
1686 5627 1752 5690 ont
