3952 6188
205 287 265 349 707
673 285 849 351 HONORII
870 284 917 347 111
938 285 1086 349 OPERA.
1102 313 1140 330 -
1156 286 1388 351 SERMONES.
1794 290 1860 356 108

205 447 407 520 iudeorum,
423 448 461 511 ut
474 461 588 510 amore
607 446 840 526 temporalium
854 444 1002 509 custodi·
1056 444 1143 508 datis
1165 446 1298 508 Domini
1328 445 1510 510 ambulare.
1535 448 1620 510 Ecce
1644 463 1760 528 aqua3
1778 450 1860 515 side

205 545 281 606 rent
299 546 463 622 praecepta
482 546 566 621 ejus.
583 544 678 607 Unde
691 543 795 605 David
812 563 821 603 t
836 542 937 604 Dedit
950 544 1002 605 eu
1055 543 1217 621 quomodo
1232 545 1446 607 convertatur
1465 545 1501 607 iu
1522 545 1649 608 vinum
1668 550 1766 625 Aqua
1780 549 1858 626 sig·

202 644 363 733 septenes
384 643 552 719 gentium,
579 642 614 705 et
636 644 770 704 tubera
792 647 1001 716 paparionem
1055 640 1170 703 nilicat
1201 642 1343 717 gratiam
1382 642 1526 720 Spiritus
1565 645 1691 706 Sancti.
1726 647 1856 711 Manna

202 740 440 815 possederunt,
464 740 504 802 ut
526 739 1001 811 costodiuntjusttltcottones
1056 737 1861 821 significatcorpusChristiDominusdataquam

203 839 290 911 ejus,
307 837 341 899 et
354 842 463 910 tepent
474 841 551 911 ejus
559 837 750 911 eoeputront
765 834 834 914 (Ps.
849 837 919 907 104,
932 833 998 913 ll).
1054 835 1096 896 de
1109 837 1214 912 petra,
1229 835 1326 908 idest,
1338 837 1481 913 gratiam
1497 838 1640 915 Spiritus
1660 841 1777 902 Sancti
1792 843 1862 902 mi-

202 936 287 996 Ecce
302 948 405 1011 aqua,
424 933 596 996 videamus
611 932 774 1011 quomodo
788 933 1001 995 convertatur
1054 932 1173 995 nistret
1187 931 1285 995 nobis
1304 932 1344 994 de
1358 934 1566 1011 plenitudine
1585 935 1647 997 tilii
1670 938 1737 998 sui.
1761 939 1859 1001 Unde

202 1031 238 1093 in
252 1031 378 1093 vinum.
394 1034 552 1093 Dominus
567 1029 624 1093 dat
637 1030 734 1092 uobis
755 1030 886 1108 pluuias
909 1030 998 1092 tem-
1053 1032 1199 1092 ioannes
1213 1045 1221 1085 ε
1237 1034 1288 1093 De
1303 1032 1517 1106 plenitudine
1531 1036 1607 1105 ejus
1620 1047 1742 1097 omnes
1758 1039 1858 1098 acet-

202 1128 338 1207 poribus
346 1129 427 1201 suis,
438 1129 534 1202 idest,
542 1129 686 1205 gratiam
695 1127 999 1191 etmisericordiam
1050 1130 1168 1201 pimus
1191 1125 1347 1205 (Joeu.1,
1368 1126 1433 1208 10).
1456 1130 1520 1191 Dat
1540 1130 1640 1192 etiam
1664 1147 1791 1194 manna
1815 1133 1858 1195 de

202 1228 238 1288 iu
259 1227 407 1303 tempore
429 1227 648 1288 necessitatis.
674 1226 767 1287 Unde
787 1225 966 1303 Apostolus
988 1245 997 1286 z
1054 1223 1149 1297 coelo,
1161 1224 1369 1303 quiacorpus
1381 1241 1479 1287 suum
1493 1226 1550 1288 dat
1563 1227 1660 1289 nohis
1674 1228 1712 1290 in
1727 1229 1854 1303 cibum,

201 1327 375 1388 Adeamus
387 1340 467 1386 mern
484 1326 611 1397 siduno
630 1327 675 1385 nd
689 1325 852 1386 thronum
866 1325 998 1400 pionte,
1053 1320 1110 1398 qui
1129 1320 1298 1384 descendit
1312 1322 1353 1384 de
1369 1322 1465 1385 coelo.
1490 1323 1586 1386 Unde
1598 1324 1635 1386 in
1646 1327 1854 1402 Evaugdio:

201 1423 241 1484 ut
264 1424 542 1484 misericordium
569 1435 831 1495 consopirentur,
860 1421 895 1481 et
920 1435 1000 1496 pro
1052 1421 1219 1495 Eposum
1228 1422 1333 1495 ponis
1350 1422 1452 1482 eteris
1465 1424 1579 1495 quide
1592 1427 1675 1485 coeto
1691 1426 1857 1487 desuem

203 1519 290 1580 tiam
321 1519 541 1580 inpertiamus
572 1521 610 1580 tn
643 1520 776 1580 nuntio
808 1517 1000 1592 opportuno
1055 1513 1228 1593 (Joan.v1,
1243 1514 1404 1596 51).1tem
1420 1532 1542 1579 manna
1557 1518 1857 1595 signincaiduloe-

203 1613 317 1694 (Hehr.
329 1630 378 1688 1v,
390 1614 455 1695 16).
467 1619 577 1678 Terra
583 1616 720 1690 profert
729 1629 874 1691 permen
884 1628 997 1685 mum,
1053 1611 1178 1685 dinem,
1193 1613 1235 1674 de
1255 1628 1321 1690 qua
1339 1613 1420 1675 dicit
1433 1614 1539 1677 David
1561 1636 1570 1677 ε
1591 1618 1703 1683 ouem
1725 1633 1855 1695 myrta

202 1712 300 1785 idest,
316 1712 429 1774 anima
447 1711 627 1787 cogitatum
641 1713 675 1774 et
689 1710 845 1773 affectum
863 1710 997 1773 bonum.
1052 1710 1234 1773 mtdtttudo
1246 1713 1433 1773 dodoedinis
1445 1712 1515 1774 tuce
1526 1709 1597 1791 (Ps.
1607 1715 1660 1785 30,
1673 1712 1744 1793 20).
1757 1718 1854 1792 Aqua

201 1812 353 1872 Arbores
377 1809 558 1883 replentur
581 1812 710 1884 pernis,
734 1808 834 1880 idest,
859 1808 999 1871 virtutes
1053 1806 1220 1882 significat
1237 1807 1371 1870 coeleste
1390 1807 1615 1885 refrigerium,
1632 1810 1674 1872 de
1691 1827 1761 1888 quo
1775 1812 1854 1875 dicit

202 1905 405 1969 fructificant
417 1906 453 1967 iu
468 1904 623 1983 operibus
642 1905 748 1967 honis.
764 1906 909 1980 Auferet
922 1921 1000 1967 rno-
1053 1904 1156 1966 David
1175 1905 1212 1965 iu
1226 1920 1369 1981 persona
1388 1907 1573 1983 Martyrum
1586 1928 1596 1968 ι
1607 1911 1779 1971 Eduetsti
1792 1924 1853 1972 nos

203 2009 255 2070 ies
274 2005 409 2076 bestias,
428 2004 561 2081 quando
577 2003 744 2065 daemones
759 2003 866 2066 mittet
879 2002 915 2064 in
929 2002 999 2065 tar·
1052 2003 1090 2062 tn
1103 2003 1332 2079 refrigerium
1347 1999 1416 2081 (Ps.
1432 2004 1483 2075 65,
1499 2001 1564 2083 12).

201 2102 323 2165 tarum.
346 2105 495 2174 dinetus,
518 2100 605 2164 idest
624 2117 725 2174 mors,
747 2115 816 2163 non
837 2101 999 2163 transibit
1093 2099 1194 2160 Sexta
1218 2098 1337 2176 hydria
1350 2103 1566 2174 judiciorum
1580 2101 1647 2172 est,
1661 2101 1751 2166 sicut
1768 2102 1851 2164 illud

204 2200 371 2263 terminos
385 2198 858 2277 nostros,quiagloriflcatiiu
873 2198 998 2259 aeterna
1053 2194 1139 2271 quod
1164 2195 1324 2258 Dominus
1347 2195 1527 2261 submersit
1541 2198 1753 2262 Pharaonem
1778 2216 1854 2262 cum

201 2297 312 2376 patria
330 2298 469 2360 mortem
484 2295 545 2358 sub
559 2296 698 2375 pedibus
717 2294 996 2358 conculcabimus.
1052 2292 1203 2355 exercitu
1223 2309 1283 2355 suo
1297 2294 1334 2355 in
1352 2293 1438 2356 mari
1458 2294 1572 2369 rubr0,
1594 2296 1632 2357 in
1654 2313 1723 2375 quo
1746 2298 1854 2360 voluit

242 2396 365 2468 Quarta
391 2394 510 2473 hydria
534 2395 823 2463 contmtrtntienis,
838 2393 930 2457 sicut
947 2393 999 2455 est
1052 2390 1211 2452 Dominus
1237 2391 1413 2454 ostendere
1438 2393 1561 2470 populo
1585 2409 1659 2468 suo,
1684 2394 1851 2473 quomom

201 2490 285 2553 illud
308 2492 344 2554 in
367 2491 441 2569 lege
464 2491 599 2570 Moysi:
620 2493 659 2553 St
679 2492 886 2567 spreveritis
907 2493 999 2567 tapes
1052 2502 1109 2549 eos
1139 2504 1270 2566 semper
1299 2489 1454 2563 salvaret,
1483 2491 1517 2552 et
1542 2490 1700 2554 immicos
1732 2510 1849 2558 eorum

200 2604 309 2662 anem,
325 2592 470 2653 cuttabo
488 2603 549 2652 eos
567 2590 729 2652 velociter
741 2591 779 2651 tn
793 2588 943 2665 eyestote
964 2588 999 2650 et
1052 2584 1246 2649 destrueret.
1269 2588 1354 2649 Ecce
1374 2602 1477 2665 aqua3
1491 2587 1568 2651 vide
1588 2590 1756 2667 montedo
1772 2609 1854 2654 con-

201 2689 329 2749 ordore
342 2690 401 2761 put
415 2687 573 2760 muriunt
589 2692 700 2749 oculos
714 2687 860 2759 uestros,
871 2687 905 2749 et
916 2700 999 2748 con·
1051 2684 1249 2746 serraturis
1263 2684 1389 2748 viuum.
1411 2687 1504 2748 liare
1522 2685 1661 2749 rubrum
1682 2687 1852 2765 siguificat

199 2784 316 2848 sumet
340 2787 478 2846 animus
498 2785 635 2846 oestrus
663 2781 782 2862 (Lavit.
809 2799 902 2856 xxvi,
931 2780 995 2862 ld).
1050 2779 1252 2859 baptismum
1272 2781 1309 2843 in
1324 2797 1389 2859 quo
1403 2785 1492 2844 Deus
1505 2782 1684 2848 submersit
1695 2786 1849 2850 Pharao-

202 2880 363 2944 Dominus
381 2879 645 2944 comminabatur
658 2880 779 2958 populo
792 2881 995 2953 iudaeorum,
1051 2894 1126 2940 nem
1141 2894 1217 2940 cum
1231 2879 1381 2941 exercitu
1392 2895 1466 2951 suo,
1478 2880 1577 2954 idest,
1591 2881 1764 2946 diabolum
1776 2902 1849 2948 cum

201 2982 238 3041 ut
269 2979 387 3041 saltem
413 2979 534 3042 timore
559 2978 674 3041 servili
697 2993 764 3040 uon
789 2977 998 3041 discederent
1050 2975 1142 3038 vitiis
1164 2977 1199 3038 et
1218 2977 1375 3052 peccatis
1389 2977 1450 3039 Vel
1471 2993 1565 3039 mare
1578 2978 1720 3042 rubrum
1741 2982 1849 3059 potest

200 3090 220 3138 a
242 3077 407 3140 mandatis
427 3076 544 3155 ipsius.
571 3078 656 3138 Ecce
682 3090 789 3153 aqua3
811 3075 888 3139 vide
909 3091 995 3153 quo-
1051 3072 1241 3150 siguitlcare
1255 3074 1440 3136 extremum
1455 3075 1622 3152 judicium
1637 3076 1675 3138 iu
1689 3079 1850 3156 quosub-

200 3174 297 3237 modo
319 3174 532 3237 convertatur
554 3173 589 3235 iu
610 3174 735 3236 riuum.
760 3175 898 3250 Egestas
911 3174 997 3236 tem·
1050 3170 1221 3233 vertentur
1251 3172 1402 3249 AEgyptii
1426 3187 1502 3233 cum
1529 3172 1722 3249 Pharaone,
1746 3175 1848 3250 idest,

199 3272 324 3350 poralis
349 3271 517 3349 significat
539 3270 747 3349 spiritualem
770 3272 803 3333 et
823 3270 993 3332 aternam.
1050 3269 1413 3346 omuesperversicum
1427 3268 1563 3347 andquo
1577 3269 1690 3335 hoste.

200 3369 391 3447 Spiritualis
416 3370 546 3446 egestas
569 3371 620 3431 est
647 3384 721 3446 qua
745 3370 795 3431 est
818 3367 852 3429 in
876 3367 996 3447 spiritu
1089 3365 1539 3443 Aliterzsexhydriaeerant
1552 3368 1671 3444 positae
1686 3368 1847 3433 incitans
1969 3342 1970 3397 }

198 3463 356 3541 hominis,
372 3466 504 3545 quando
515 3465 672 3528 videncet
684 3481 812 3543 pauper
825 3465 876 3529 est
889 3464 994 3543 spiri·
1050 3461 1197 3536 Galileae,
1213 3477 1273 3540 per
1287 3478 1369 3540 quas
1384 3462 1572 3540 intelligere
1586 3480 1766 3542 possumus
1788 3485 1847 3530 sex

198 3564 345 3626 tualibus
360 3564 468 3626 donis.
485 3563 580 3625 Unde
594 3563 751 3625 Salomon
767 3584 775 3624 z
791 3565 855 3630 eut
868 3563 996 3625 timoctt
1050 3558 1279 3621 observantias
1293 3560 1400 3622 servis
1420 3561 1481 3622 Dei
1502 3562 1702 3640 propositas,
1719 3564 1755 3627 iu
1769 3565 1848 3642 qui-

196 3662 290 3734 sunt,
306 3665 344 3723 tn
356 3665 471 3724 cordis
489 3661 640 3738 epestote
660 3661 859 3723 morientur
879 3656 993 3739 (Pron.
1049 3656 1111 3718 bus
1124 3658 1282 3735 tauquam
1293 3656 1400 3719 Judaei
1410 3657 1583 3735 purificari
1595 3658 1749 3725 debeant
1762 3663 1847 3725 Sunt
1968 3720 1969 3723 ,

197 3771 232 3831 1,
254 3755 321 3835 21).
343 3757 484 3819 AEterna
512 3757 642 3832 egestas
672 3756 724 3819 est
752 3772 826 3834 qua
853 3755 996 3818 infertur
1049 3754 1159 3817 autem
1176 3753 1249 3817 istra
1265 3775 1273 3814 ε
1291 3754 1477 3829 Silentium,
1493 3754 1689 3833 psalmodia,
1705 3759 1845 3834 rigiliae,

198 3854 365 3916 damnatis
389 3853 425 3914 iu
448 3851 591 3926 interno,
610 3852 697 3916 sicut
713 3851 776 3915 brit
797 3855 928 3928 egestas
943 3852 996 3914 di·
1045 3851 1189 3931 jejunia,
1211 3866 1312 3929 opera
1337 3867 1507 3926 manuum,
1533 3853 1645 3915 carme
1669 3855 1846 3919 munditia.

197 3951 288 4023 vitis,
302 3950 361 4028 qui
387 3964 455 4012 non
482 3947 590 4027 potuit
612 3947 736 4011 habere
758 3949 885 4025 guttam
899 3965 994 4027 aquae
1089 3951 1126 4011 in
1146 3949 1265 4027 hydria
1285 3949 1411 4011 silentii
1431 3950 1684 4027 purificamur-a
1701 3955 1848 4031 peccatis
1967 4022 1968 4031 ,

197 4047 438 4125 renigeranus.
456 4047 564 4109 Ardor
590 4047 678 4108 alius
708 4045 760 4108 est
789 4045 993 4124 temporalis,
1049 4062 1123 4126 quae
1143 4045 1345 4109 verbositate
1376 4049 1624 4122 contraximus,
1649 4053 1749 4128 cinus
1773 4051 1846 4114 sitii

198 4147 287 4208 alius
309 4145 488 4207 aeternalis.
508 4142 617 4206 Ardor
629 4143 822 4222 temporalis
837 4143 888 4207 est
901 4144 995 4208 dolor
1049 4146 1123 4206 octo
1142 4144 1220 4205 suut
1233 4144 1381 4221 species;
1398 4144 1527 4208 scilicet
1540 4145 1680 4207 verbum
1694 4148 1845 4220 stultum,

197 4244 239 4306 de
259 4243 372 4321 aliquo
392 4241 611 4304 incommodo.
627 4242 734 4305 Ardor
755 4242 923 4304 aeurnnis
944 4243 995 4305 est
1048 4241 1202 4311 mendax,
1218 4256 1352 4315 vanum,
1378 4240 1532 4314 otiosum,
1555 4242 1722 4317 dolosum,
1744 4246 1849 4307 male-

198 4341 287 4420 ignis
300 4339 578 4417 inextinguibilis.
590 4340 695 4417 igitur
709 4340 867 4402 Dominus
881 4339 995 4403 visitat
1049 4336 1170 4409 dicum,
1187 4337 1401 4415 impudicum,
1423 4339 1684 4402 excusatorium.
1704 4342 1848 4404 Stultum

198 4440 358 4505 velociter
369 4439 404 4501 iu
419 4438 566 4515 egestate
577 4438 825 4501 contemnentes
838 4437 995 4500 mandata
1048 4433 1184 4496 verbum
1199 4433 1348 4511 estquod
1359 4449 1418 4512 per
1429 4435 1654 4512 ignorantiam
1666 4438 1846 4515 protertur,

72 4548 81 4557 ·
199 4554 271 4613 sua,
286 4537 364 4617 qula
384 4536 482 4599 ruodo
501 4550 569 4599 nou
588 4534 646 4599 dat
663 4534 712 4597 eis
726 4535 869 4611 gratiam
888 4535 994 4612 spiri-
1047 4546 1114 4592 non
1129 4546 1276 4608 congruo
1290 4533 1439 4609 tempore
1453 4533 1511 4594 aut
1524 4532 1610 4595 loco.
1626 4535 1725 4597 Unde
1749 4537 1847 4599 Salo-

197 4635 334 4705 tualem,
343 4636 376 4698 et
384 4634 420 4695 in
431 4632 722 4696 buturosubtrahet
730 4631 994 4695 misericordiam
1048 4645 1154 4690 mon:
1185 4631 1331 4703 Tempus
1357 4632 1516 4704 toqtaendt
1546 4631 1580 4693 et
1617 4631 1757 4707 temptas
1792 4634 1848 4697 tc·

200 4730 403 4804 aeternalem,
417 4730 454 4794 ut
467 4746 533 4792 nou
548 4729 722 4792 inveniant
731 4728 944 4806 refrigerium
957 4730 994 4792 iu
1047 4728 1146 4789 cendi
1167 4724 1269 4803 (Eccl.
1297 4739 1347 4797 111,
1371 4724 1419 4805 2).
1449 4726 1489 4788 nt
1512 4726 1717 4805 Propheta:
1751 4733 1848 4801 Dtei,

199 4828 383 4900 tormentis,
399 4827 456 4906 qui
471 4827 650 4889 noluerunt
661 4824 758 4887 subdi
771 4828 840 4888 Deo
858 4827 894 4889 in
914 4842 995 4905 ope-
1047 4824 1238 4885 custodtcrn
1277 4825 1354 4885 obss
1391 4837 1504 4895 rneus,
1544 4824 1584 4885 ut
1621 4839 1693 4888 non
1735 4830 1847 4891 dunt-

199 4927 291 4990 ribus
303 4925 410 4989 bouis.
421 4924 544 4988 visitat
554 4922 655 4984 etiam
669 4923 704 4983 iu
718 4920 850 4996 ardore,
861 4925 994 5002 replens
1047 4934 1153 4994 quam
1183 4922 1222 4981 tn
1252 4923 1371 4996 liupuu
1401 4935 1482 4983 naeu
1516 4918 1591 4999 (Ps.
1620 4923 1673 4996 38,
1701 4922 1755 5003 2).
1791 4929 1849 4988 Vir

198 5025 328 5087 animas
345 5023 508 5085 malorum
523 5017 648 5091 dolore,
668 5019 704 5080 et
717 5018 831 5096 postea
854 5036 995 5084 succen-
1047 5021 1223 5094 ttrrpuosus
1258 5031 1327 5078 non
1364 5018 1537 5095 dtrtpetur
1571 5033 1682 5094 supro
1712 5022 1850 5086 terrum

197 5122 279 5185 dens
290 5123 414 5184 aeterno
424 5119 514 5193 igue.
1049 5112 1118 5194 (Ps.
1136 5115 1204 5187 139,
1221 5112 1286 5194 12),
1303 5114 1337 5175 et
1350 5113 1432 5176 alibi
1453 5119 1572 5178 :Pone
1585 5117 1782 5182 custodiam
1795 5125 1850 5184 ori

238 5220 359 5293 Quinta
373 5214 493 5294 hydria
509 5214 560 5275 est
575 5213 826 5288 uenenum,
842 5214 929 5278 sicin
942 5216 994 5280 est
1047 5226 1173 5273 uteo....
1189 5226 1218 5272 c.
1243 5208 1313 5289 (Ps.
1341 5212 1411 5283 140,
1425 5209 1471 5290 3).
1495 5213 1722 5289 Hyeronimus
1740 5216 1847 5281 dicit:

196 5318 279 5381 illud
292 5314 379 5394 quod
392 5310 551 5375 Dominus
569 5309 659 5374 dedit
678 5310 804 5373 ludaeis
816 5328 938 5375 manua
952 5313 993 5376 de
1047 5325 1066 5370 r
1092 5308 1265 5386 Sapientes
1286 5309 1364 5370 sunt
1382 5309 1440 5386 qui
1455 5309 1564 5371 sciant
1584 5312 1718 5388 wando
1741 5317 1776 5377 et
1793 5316 1848 5377 cui
1922 5312 1926 5318 “

197 5415 292 5486 coelo,
316 5413 350 5474 et
371 5425 491 5488 aquam
515 5407 671 5486 produxit
693 5407 734 5470 de
755 5409 860 5486 petra.
880 5409 994 5474 Voluit
1049 5405 1194 5467 debeant
1227 5404 1377 5483 prolerre
1410 5421 1606 5468 sermonem.
1640 5425 1664 5468 »-
1696 5411 1847 5475 Otiosum
1963 5404 1964 5409 ’

197 5512 286 5575 enim
301 5508 461 5571 Dominus
485 5506 606 5584 populo
620 5520 681 5567 suo
695 5504 805 5568 cibum
826 5508 859 5569 et
879 5509 992 5585 potum
1046 5502 1247 5565 verbumest
1260 5504 1346 5580 quod
1361 5504 1568 5581 pondusnon
1583 5503 1695 5576 hahet,
1709 5509 1765 5570 vel
1780 5511 1848 5573 uti·
1962 5556 1963 5561 1

197 5607 354 5677 tribuere,
376 5607 411 5666 ut
433 5621 476 5666 ex
496 5603 667 5667 beneflciis
688 5604 830 5667 disceret
844 5605 879 5667 iu
892 5622 992 5667 man·
1047 5599 1161 5670 litatis,
1175 5599 1229 5661 uel
1239 5602 1339 5677 justae
1354 5601 1496 5680 alicujus
1510 5602 1734 5681 necessitatis.
1754 5608 1846 5669 Unde
