3952 6188
109 320 172 384 705
1614 421 1618 428 Ι
1697 325 1756 388 706

110 481 172 554 qni
191 479 288 540 versit
304 480 342 540 in
355 480 496 540 nomine
508 480 658 540 Domini.
670 478 733 550 Qui
745 476 908 555 praeibant
962 474 1180 541 virescastos.
1193 478 1358 541 Columbae
1373 478 1563 556 significant
1574 486 1755 548 concordes

110 576 249 638 fuerunt
272 579 384 651 patres
398 575 521 638 veteris
537 576 749 647 Testamenti,
767 577 823 653 qul
837 575 909 637 cla·
961 573 997 635 in
1010 574 1185 638 charitato.
1210 578 1245 638 Si
1264 577 1348 639 tales
1371 594 1408 639 se
1426 579 1592 642 voluerint
1615 584 1755 646 Domina

110 673 248 735 mabant
267 672 307 734 do
330 673 554 749 incarnand03
571 675 604 735 ct
618 673 674 750 qui
687 673 908 750 sequebantur
961 672 996 732 in
1022 672 1251 736 holocaustum
1272 674 1403 748 afferre,
1427 675 1552 740 iaciant
1574 681 1755 742 secundum

110 770 210 831 erant
222 770 334 846 patres
348 772 425 832 novi
437 772 649 842 Testamenti,
664 771 791 831 scilicet
801 775 909 847 Apos-
962 769 1048 845 quod
1074 770 1154 832 dicit
1177 772 1364 848 Apostolus.
1394 775 1581 838 Exhibeant
1616 793 1757 856 corpora

109 867 172 929 ioli
187 868 221 928 ct
239 867 390 929 doctores
400 868 456 945 qui
467 867 654 930 clamabant
666 869 706 929 de
721 869 905 929 incarnato.
962 882 1023 926 sua
1035 866 1602 945 hostiamviventem‚sanctam,Deo
1615 876 1755 952 placen-

111 965 172 1028 Vel
187 964 310 1026 aliter:
336 966 480 1026 Vocatus
492 967 610 1026 nutem
630 968 734 1027 iesus
754 968 798 1027 ad
818 981 909 1040 nup-
961 964 1038 1036 tem,
1053 964 1252 1026 rationabile
1267 965 1460 1043 obsequium
1476 986 1583 1043 suum,
1605 975 1758 1036 ctretor-

114 1064 192 1124 iias.
209 1062 293 1134 Quid
309 1063 397 1124 enim
410 1058 501 1123 aliud
516 1064 690 1125 esttecum
709 1063 750 1123 ad
774 1063 908 1140 nuptias
962 1063 1086 1138 queant
1105 1064 1203 1138 caput
1224 1063 1264 1123 ad
1284 1064 1417 1136 callum,
1435 1065 1532 1138 idest,
1555 1072 1758 1147 perspiciant

109 1175 245 1231 vocare,
254 1160 494 1221 nisiGhristum
509 1159 694 1237 adjutorem
704 1159 908 1221 etbenedio-
961 1159 1144 1220 novissima
1166 1174 1237 1232 sua,
1259 1162 1440 1222 secundum
1460 1164 1544 1224 illud
1568 1168 1756 1230 Ecclesias-

110 1256 212 1319 tionis
221 1257 370 1318 datorem
378 1257 633 1318 invocaretlloc
642 1259 693 1319 est
700 1273 907 1334 summopere
962 1255 1020 1317 tici
1037 1277 1044 1315 ε
1061 1260 1104 1317 ln
1115 1260 1269 1320 mnitibus
1278 1274 1477 1322 memorare
1489 1266 1680 1327 novissima
1697 1267 1758 1329 tna

110 1355 351 1426 necessarium,
365 1355 402 1415 ut
416 1354 449 1415 et
463 1354 626 1416 nubentes
646 1355 791 1417 tiliorum
806 1354 909 1416 bene-
962 1355 995 1415 ei
1018 1357 1056 1414 in
1069 1356 1242 1416 aeternnm
1254 1371 1324 1416 non
1338 1361 1492 1431 peccabis
1505 1357 1607 1438 (liccl.
1618 1377 1678 1435 vu,
1691 1363 1756 1445 la).

110 1450 291 1512 dictionem
309 1452 564 1529 consequantur,
586 1450 698 1513 attilii
723 1453 907 1514 incolumes
961 1450 1757 1538 Valcaputadcollumretarquereestsriaopara

110 1549 339 1626 procreentur,
356 1550 389 1610 ot
407 1550 472 1626 ipsi
487 1549 648 1611 nubentes
666 1550 773 1625 magis
788 1549 908 1626 spiritu
962 1548 1185 1621 considerare,
1203 1551 1383 1611 secundum
1395 1552 1479 1613 illud
1502 1557 1651 1631 Apostoli
1673 1578 1681 1618 ε
1700 1562 1759 1620 Vi-

109 1662 209 1722 quam
230 1660 332 1708 came
360 1647 538 1708 sacientur.
564 1648 658 1709 Unde
693 1648 840 1723 Angelus
865 1648 907 1708 ad
962 1646 1325 1720 detepuomodcoaute
1338 1652 1519 1712 ambuietis
1534 1650 1674 1730 (Ephy,
1690 1655 1754 1735 15).

108 1742 247 1805 'lobiam
262 1764 269 1802 :
286 1747 373 1806 Cum
386 1748 562 1818 acceperis
579 1759 740 1817 amorem
757 1748 908 1820 perires
1003 1743 1155 1803 secunda
1179 1743 1299 1821 hydria
1323 1746 1374 1806 est
1396 1751 1646 1823 prohibitionis,
1672 1753 1759 1815 sicut

107 1843 182 1901 dies
195 1842 376 1903 continens
385 1843 460 1903 esto
469 1845 510 1903 ab
521 1857 574 1914 ea,
587 1842 620 1904 ei
635 1846 719 1904 ninii
732 1846 825 1905 atiud
838 1845 908 1903 nisi
962 1840 1012 1900 est
1025 1839 1107 1900 illud
1123 1840 1278 1902 Levihci:
1291 1843 1409 1904 oannis
1422 1846 1545 1906 oblatio
1556 1863 1633 1921 qnae
1647 1851 1756 1924 offer-

108 1939 324 2000 aratianibus
335 1941 472 2000 vacabis
482 1954 560 2000 cnm
574 1955 626 2000 ea.
639 1942 677 2001 Et
690 1941 764 2016 post
778 1955 905 2017 pauca:
963 1937 1187 2010 inritamina,
1207 1943 1284 2001 sine
1299 1942 1471 2013 temnenia
1487 1944 1557 2014 tici,
1582 1960 1643 2006 nee
1654 1950 1756 2019 pacid-

108 2033 217 2097 teriia
229 2037 327 2098 nacte
341 2036 606 2099 benedictionem
619 2040 849 2111 consequeris,
868 2038 908 2098 ui
961 2048 1066 2107 quam
1083 2037 1248 2109 fermenti
1276 2038 1338 2098 aui
1370 2041 1479 2099 meilis
1502 2043 1691 2103 adolebitur
1720 2047 1758 2107 in

106 2132 339 2204 iiiiieacaobis
352 2136 538 2196 incolumes
547 2136 789 2208 procreentur,
808 2136 909 2196 iran—
961 2133 1133 2205 sacrificia
1167 2136 1307 2194 Domini
1332 2131 1452 2212 (Lavit.
1487 2150 1529 2207 11,
1568 2136 1632 2213 11).
1673 2142 1757 2203 Ecce

106 2231 207 2292 sacta
220 2231 339 2292 autem
353 2232 564 2293 tertianocte
573 2235 720 2305 accipies
733 2235 908 2308 uirginem
962 2228 1122 2288 Dominus
1137 2229 1291 2305 prohibet
1302 2230 1366 2290 duo
1379 2232 1414 2291 in
1429 2232 1604 2293 sacrificiis
1618 2235 1755 2311 adoleri,

106 2340 188 2388 cum
202 2328 327 2389 timore
338 2330 489 2398 Domini,
503 2342 622 2389 amore
632 2329 784 2399 flitmum
795 2332 908 2404 magis
963 2323 1049 2385 idest
1060 2325 1204 2397 incendi,
1220 2326 1385 2399 videlicet,
1409 2328 1607 2392 termentum
1622 2333 1655 2394 et
1668 2335 1756 2411 mel;

663 317 709 380 IN
730 316 934 380 DOMINICA
955 317 1009 379 bs
1029 312 1211 381 NUPTIIS.

107 2439 217 2497 quarn
229 2427 379 2486 libidinis
394 2422 487 2502 (Tob.
503 2439 550 2495 m,
569 2425 617 2495 18,
631 2425 682 2496 21,
698 2423 765 2503 22).

149 2521 219 2581 Sed
239 2521 354 2581 vinum
380 2520 500 2583 deiecit
520 2520 556 2581 in
577 2520 713 2598 nuptiis,
733 2521 831 2593 idest,
855 2521 909 2582 in-

103 2617 297 2693 telligentia
314 2618 512 2695 spiritualim
530 2618 607 2696 quia
630 2618 738 2681 iudaei
761 2620 909 2680 carnali-

105 2714 161 2776 ter
187 2715 356 2792 sapientes
379 2715 639 2777 delectabantur·
654 2716 688 2776 in
716 2717 907 2778 carnalibus

109 2811 335 2874 observantiis
350 2814 383 2874 et
397 2813 584 2874 sacrificiis.
598 2813 807 2879 binominus
822 2815 908 2876 dixit

106 2910 277 2986 Apostolis
296 2910 454 2988 tanquam
474 2911 658 2972 ministris:
679 2914 822 2987 implete
844 2918 907 2987 by-

106 3010 209 3069 cirins
215 3022 317 3081 aqua.
325 3010 439 3069 Erant
446 3010 562 3070 autem
570 3013 616 3070 iai
624 3013 906 3085 lapidennydrue

107 3118 174 3167 sem
185 3106 311 3179 pamiae
334 3109 521 3167 secuudum
545 3108 827 3180 purificationem
842 3110 906 3169 aa

109 3203 266 3262 deorum
282 3203 456 3277 capientes
469 3206 613 3279 singulm
626 3205 794 3266 metretas
808 3207 906 3266 binas

109 3301 171 3360 ani
183 3300 315 3361 ternas.
328 3297 437 3378 (ioan.
453 3315 489 3372 11,
503 3303 534 3372 6,
549 3299 596 3379 7).
607 3303 674 3361 Sex
688 3301 815 3377 hydriae
829 3303 906 3364 sunt

108 3410 168 3457 sex
181 3397 272 3457 madi
282 3397 483 3474 loquendiin
499 3398 669 3474 Scriptura
678 3398 794 3470 veteri,
806 3399 905 3459 vide-

108 3492 195 3566 licet,
223 3493 466 3571 praeceptionis,
492 3493 737 3571 prohibitionis,
764 3497 907 3571 permis-

109 3590 225 3663 sionis,
247 3591 524 3663 comminationis,
547 3590 784 3652 beneficiorum
806 3594 907 3671 etju-

109 3686 284 3750 diciorum.

145 3789 414 3862 Proecepiionis,
431 3786 517 3847 sicut
531 3788 581 3849 est
593 3787 676 3848 illud
692 3786 776 3865 quod
791 3788 905 3865 praeoi·

109 3884 262 3960 piabatur
275 3884 311 3945 in
331 3886 442 3959 Lege:
460 3884 495 3945 Si
515 3884 555 3945 de
576 3885 692 3946 avibus
718 3885 904 3946 holocausti

109 3980 231 4044 oblatio
242 3982 337 4043 fieret
348 3981 499 4053 Domino,
513 3981 553 4042 de
563 3982 760 4053 turturibus
771 3984 824 4043 vel
834 3983 905 4060 pul-

108 4078 147 4140 lis
160 4079 334 4150 columbae,
349 4078 485 4140 offerret
498 4094 555 4140 aas
573 4079 728 4140 sacerdos
741 4080 781 4140 ad
797 4080 903 4142 altare

109 4178 233 4240 retorto
252 4178 293 4239 ad
315 4176 438 4239 collum
462 4176 570 4253 capite
583 4175 703 4255 (Lavit.
719 4193 742 4248 1,
764 4176 828 4258 ll).
843 4178 905 4239 Vi-

80 4294 83 4299 *
110 4273 245 4337 deamus
269 4274 382 4352 itaque
410 4273 572 4351 quomodo
599 4274 670 4335 haec
699 4274 818 4351 hydria
839 4275 905 4335 im·

110 4371 229 4448 plenda
244 4373 288 4435 sit
306 4386 404 4450 aqua,
423 4371 457 4433 et
480 4370 642 4448 quamodo
657 4386 743 4448 aqua
763 4387 905 4433 conver-

109 4468 197 4532 tatur
220 4470 256 4532 in
273 4470 400 4541 vinum,
417 4468 451 4531 et
469 4468 518 4530 sic
538 4468 578 4529 de
601 4468 738 4545 reliquis
762 4469 902 4546 hydriis.

109 4569 202 4645 Aqua
215 4566 265 4631 est
276 4567 418 4644 simplex
432 4581 561 4638 sensus,
584 4566 699 4627 vinum
719 4567 904 4643 spiritualis

84 4690 90 4699 ·
110 4662 308 4728 intellectus.
326 4665 361 4726 Si
375 4664 556 4741 quaerimus
566 4679 669 4740 quare
681 4666 769 4726 Deus
785 4665 905 4743 praeci·

111 4761 155 4837 pit
179 4762 245 4824 sibi
267 4762 417 4824 carnalia
441 4761 605 4822 sacrificia
625 4761 788 4833 exhiberi,
814 4763 905 4839 patet

111 4860 193 4921 ratio
216 4859 302 4938 quad
317 4860 458 4937 populus
473 4859 531 4919 ille
547 4860 620 4921 erat
633 4859 674 4920 ad
688 4861 811 4922 malum
826 4876 905 4937 pro-

112 4970 170 5017 nus
194 4959 227 5019 et
239 4957 446 5019 exhibuisset
457 4956 516 5016 illa
529 4955 733 5019 daemonibus
746 4958 832 5021 sicut
844 4974 905 5020 cae·

111 5052 188 5117 term
205 5056 331 5131 gentes.
351 5053 492 5116 Volebat
518 5054 623 5115 etiam
650 5054 713 5115 sibi
738 5055 903 5117 sacrificia

112 5152 260 5214 exhiberi
287 5154 421 5230 propter
444 5152 652 5214 devotionem
685 5154 902 5230 quorumdam

113 5246 329 5320 offerentium,
352 5248 385 5309 et
408 5247 684 5324 significationem
704 5246 902 5310 futurorum.

962 2423 1184 2494 sarcasmum,
1202 2424 1238 2484 ut
1266 2424 1455 2487 ostenderet
1484 2442 1551 2488 nan
1581 2430 1758 2493 amandam

963 2519 1219 2596 corruptionem,
1234 2527 1312 2593 niet,
1332 2523 1368 2583 ut
1389 2525 1578 2588 ostenderet
1598 2544 1665 2588 nan
1684 2544 1758 2591 esse

962 2616 1138 2678 amandam
1150 2618 1366 2694 temporalem
1380 2620 1599 2684 dulcedinem.
1616 2627 1694 2687 Haec
1707 2629 1758 2690 est

962 2729 1070 2790 aqua3
1091 2714 1262 2776 videamus
1288 2718 1450 2793 quomodo
1485 2723 1698 2785 convertatur
1720 2726 1757 2786 in

961 2812 1085 2872 vinum.
1101 2812 1290 2874 Oblationes
1304 2817 1336 2876 at
1350 2816 1515 2878 sacrificia
1539 2821 1617 2882 sunt
1630 2823 1758 2884 cratia-

960 2924 1020 2969 nes
1042 2909 1221 2971 electorum
1245 2912 1279 2973 et
1303 2911 1389 2973 bona
1414 2929 1516 2991 opera
1538 2930 1612 2994 quaa
1636 2918 1756 2983 debent

960 3020 1033 3068 csse
1046 3007 1118 3068 sine
1129 3006 1291 3071 termento
1303 3011 1450 3083 otmalle,
1466 3012 1563 3086 idest,
1579 3015 1650 3076 sine
1663 3018 1757 3078 mali·

960 3104 1006 3164 tia
1030 3105 1063 3166 at
1083 3106 1228 3166 luxuria.
1254 3107 1393 3182 storga
1421 3107 1531 3169 facitis
1557 3114 1753 3186 orationem,

961 3200 1078 3262 devoto
1102 3202 1212 3273 carde,
1227 3203 1336 3263 videto
1359 3219 1401 3263 ne
1425 3206 1469 3266 sit
1493 3204 1540 3265 ibi
1555 3206 1753 3272 sarmentum

960 3297 1107 3369 malitiae,
1129 3298 1224 3369 idest,
1242 3314 1284 3359 na
1296 3299 1448 3361 habeatis
1462 3303 1584 3364 malam
1596 3305 1755 3368 volunta-

959 3394 1027 3454 tem
1038 3395 1154 3456 contra
1168 3394 1324 3470 aliquem.
1340 3397 1376 3457 Si
1391 3397 1479 3458 enim
1496 3398 1606 3462 dicitis
1621 3405 1756 3466 dimitte

960 3495 1056 3554 anobis
1069 3494 1181 3553 debita
1201 3494 1371 3566 nostra...,
1392 3495 1513 3566 videte,
1531 3498 1560 3559 si
1578 3500 1753 3564 dimittitis.

960 3590 1046 3649 Nam
1058 3589 1087 3649 si
1100 3605 1167 3651 non
1179 3589 1356 3661 dimittitis,
1369 3592 1426 3652 sed
1440 3595 1602 3657 malitiam
1610 3598 1645 3658 in
1656 3601 1755 3663 corde

959 3686 1122 3758 retinetis
1139 3702 1206 3748 nan
1228 3689 1413 3750 orationem
1431 3706 1492 3767 pra
1513 3694 1607 3755 vobis
1630 3692 1753 3771 facitis,

959 3785 1017 3844 sed
1029 3784 1296 3847 maledictionem
1307 3802 1477 3863 supervos
1492 3790 1754 3857 inducitis.ldom

959 3883 1011 3944 est
1024 3881 1276 3958 intelligendum
1296 3883 1336 3945 de
1353 3884 1439 3947 bana
1455 3903 1565 3963 opere,
1587 3892 1673 3967 quod
1688 3908 1755 3954 non

959 3979 1755 4056 estacceptumaumiermentamalitiae.Uncho·

958 4077 1068 4137 minus
1080 4078 1116 4137 in
1129 4078 1307 4152 Evangelio
1322 4099 1329 4137 ι
1345 4082 1384 4140 Si
1398 4082 1503 4156 offers
1514 4098 1641 4146 munus
1657 4086 1755 4150 tuam

958 4175 1170 4235 adnitere...
1182 4171 1355 4252 (Matthv,
1370 4176 1436 4256 23).
1449 4179 1513 4239 Mel
1523 4181 1622 4241 etiam
1638 4184 1756 4259 prohi-

958 4270 1054 4332 betur
1073 4285 1093 4331 a
1106 4271 1282 4343 sacrificia,
1296 4271 1393 4345 idest,
1407 4275 1552 4336 luxuria.
1571 4278 1653 4348 Quia
1666 4281 1753 4344 siout

958 4366 1039 4429 dicit
1060 4366 1178 4429 beatus
1197 4369 1399 4443 Gregorius:
1424 4387 1443 4429 c
1464 4372 1565 4433 Nulla
1589 4376 1666 4435 ante
1692 4377 1753 4438 Dei

958 4465 1191 4541 omnipotentis
1228 4464 1341 4526 oculos
1370 4468 1511 4543 justitiae
1552 4470 1752 4550 pietatisque

959 4564 1035 4624 sunt
1048 4578 1161 4640 opera,
1184 4578 1258 4639 quaa
1281 4562 1435 4639 contagio
1452 4568 1675 4644 corruptionis
1693 4570 1754 4633 de-

958 4660 1183 4721 monstrantur
1207 4660 1388 4720 immunda.
1408 4678 1428 4721 s
1450 4663 1535 4723 Nam
1562 4665 1649 4729 sicut
1673 4668 1755 4732 dicit

957 4757 1134 4832 Apostolus
1147 4778 1154 4817 ε
1166 4759 1412 4821 Fornicatores
1433 4762 1467 4821 ei
1483 4764 1756 4841 aduiterasjudi·

958 4854 1047 4914 cabit
1058 4858 1227 4916 Dominus
1241 4852 1355 4934 (Hebr.
1371 4871 1446 4927 xiil,
1462 4857 1507 4938 4).

999 4951 1110 5013 Tertia
1127 4951 1246 5028 hydria
1265 4953 1316 5015 ost
1331 4958 1584 5031 permissionis,
1600 4959 1687 5023 sicut
1705 4964 1758 5025 est

959 5048 1040 5108 illud
1061 5048 1096 5108 ln
1119 5049 1265 5111 Levitico
1282 5072 1290 5110 ε
1306 5052 1477 5114 situatis
1490 5058 1578 5116 neeis
1596 5061 1755 5120 ambuta-

958 5147 1091 5217 ueritis,
1113 5148 1198 5208 dabo
1219 5150 1312 5209 cabis
1330 5154 1468 5224 pluvias
1488 5154 1525 5211 in
1547 5152 1757 5228 temporibus

957 5247 1041 5315 arcu,
1066 5243 1101 5304 et
1124 5244 1282 5318 proferet
1308 5246 1407 5307 terra
1419 5262 1564 5322 permen
1585 5254 1757 5323 suamet

111 5344 262 5424 Alioquin
287 5360 355 5406 non
369 5345 544 5422 placebant
559 5346 590 5406 ei
605 5345 663 5406 illa
684 5345 833 5407 carnalia
848 5363 905 5408 sa·
954 5343 1069 5416 pomis
1080 5343 1223 5402 arbores
1234 5344 1459 5416 replebuntur
1469 5341 1587 5422 (Lavit.
1600 5360 1695 5418 xxvi,
1707 5347 1754 5427 l).

112 5441 244 5527 crificia.
257 5443 438 5504 videamus
453 5442 616 5520 quomodo
629 5458 715 5520 aqua
728 5444 904 5506 converta-

111 5536 205 5602 turin
217 5541 343 5611 vinum,
359 5539 456 5612 idest,
472 5540 615 5618 simplex
627 5556 745 5602 sensus
757 5541 793 5601 in
808 5541 903 5618 spiri·

112 5634 233 5703 tualem
269 5638 484 5699 intellectum.
517 5638 677 5702 Turtures
714 5638 904 5716 significant

254 5809 370 5855 neman.
390 5809 464 5854 rous
482 5799 504 5854 1.

957 5440 996 5499 lit
1010 5439 1203 5515 postpauca
1224 5442 1417 5514 :disseram
1435 5446 1547 5501 rnalns
1565 5444 1703 5517 bestias,
1721 5448 1757 5509 et

956 5539 1090 5611 eladius
1121 5550 1191 5597 non
1226 5537 1388 5597 transibit
1419 5537 1588 5599 terminas
1620 5545 1756 5606 vestras

959 5632 1077 5713 (Levit.
1093 5647 1189 5702 xxm,
1204 5630 1249 5711 6).
1266 5634 1353 5693 Deus
1367 5633 1519 5709 promisit
1533 5634 1620 5699 bona
1635 5643 1758 5718 populo

1570 5795 1614 5853 23.
