3952 6188
106 332 168 398 693
694 330 740 394 IN
761 329 990 403 EPIPHANIA
1011 328 1174 392 DOMINI.
1700 323 1760 385 694

106 493 223 573 jacula
251 492 444 556 tentationis
472 491 642 554 muniendi
672 506 786 554 sumus
815 492 908 554 scuto
962 494 1094 554 Dens.»
1117 481 1757 565 ’1111111011111111111111111111-

108 592 236 653 divinae
250 591 477 668 protectionis.
654 669 657 676 Ι
962 590 1077 661 rimus,
1115 586 1246 665 qnando
1280 584 1461 648 seeundum
1492 580 1646 658 gratiam,
1683 595 1757 657 qnae

148 690 298 751 Possunt
311 692 422 750 autern
432 705 499 751 non
509 688 782 751 inconvenienter
795 705 909 766 supra·
962 686 1057 749 nobis
1069 686 1147 747 data
1164 687 1224 757 est,
1236 683 1359 747 bonum
1374 696 1562 760 operamur,
1578 678 1664 740 sicut
1677 676 1758 738 dicit

108 787 208 848 dictae
234 788 377 864 quatuor
395 787 605 859 tentationes,
622 803 696 864 quae
711 787 751 848 de
766 786 907 863 singulis
961 785 1154 863 Apostolus:
1179 785 1302 846 Gratia
1325 784 1447 844 Datin
1473 794 1528 842 mc
1555 792 1666 839 nucina
1688 789 1758 836 non

108 884 226 946 electis
245 885 342 946 dictae
356 886 447 957 sunt,
464 885 564 946 etiarn
579 886 703 946 sanotae
725 885 906 947 universali
961 885 1038 959 1111,
1062 885 1097 945 cf
1113 883 1232 958 pratia
1257 884 1332 954 ejus
1352 894 1491 952 semper
1507 881 1546 940 11
1560 890 1617 939 mc
1639 871 1758 937 manet
1790 888 1795 897 ·

107 982 270 1044 Ecclesiae
291 997 351 1060 pro
367 982 498 1044 diverso
511 984 600 1046 statu
614 984 799 1060 temporum
814 982 907 1044 adsi·
963 979 991 1062 (1
1007 983 1080 1043 Cor.
1097 977 1237 1059 xv,10).
1655 991 1659 998 ·

108 1080 217 1157 gnari.
233 1081 348 1142 Primo
364 1096 505 1158 namque
519 1096 620 1158 passa
632 1082 682 1143 est
695 1082 820 1143 timore
831 1096 908 1142 noc-
1000 1082 1047 1141 De
1068 1080 1132 1141 hoc
1146 1079 1303 1141 thesauro
1318 1073 1457 1153 quilibet
1471 1072 1673 1134 christianus
1694 1068 1756 1130 de-

107 1178 214 1240 11111
238 1178 276 1239 11
300 1178 529 1255 persecutione
550 1179 744 1257 martyrum,
761 1179 906 1239 secundo
960 1177 1015 1241 het
1029 1176 1151 1239 afferre
1163 1176 1230 1238 tria
1251 1188 1390 1236 munera
1404 1168 1604 1233 humanitati
1619 1166 1753 1237 Christi,

106 1275 141 1336 in
154 1291 240 1353 pace
255 1292 315 1338 sua
328 1278 480 1338 volantes
492 1278 640 1353 sapittns
658 1276 902 1339 haereticorum.
961 1276 1047 1338 sicut
1067 1276 1159 1352 Magi
1173 1272 1364 1337 obtulerunt
1377 1285 1506 1341 aurum,
1523 1267 1600 1330 thus
1615 1265 1648 1327 et
1659 1278 1754 1341 myr-

107 1373 241 1435 Patitur
273 1390 362 1436 nunc
398 1376 574 1452 rchofium
597 1378 843 1448 perambulans
869 1377 907 1436 11
960 1373 1067 1435 rham.
1082 1377 1210 1435 Aurum
1222 1370 1306 1447 regi,
1321 1369 1399 1447 quia
1420 1382 1539 1430 aurum
1552 1364 1625 1440 regi
1640 1360 1755 1423 reddi-

108 1471 276 1545 tenebriS,
300 1488 342 1533 ex
358 1470 545 1548 frequentia
559 1473 820 1549 hypocritarum.
836 1475 906 1534 Pa·
959 1472 1015 1533 tur
1042 1472 1079 1533 in
1110 1470 1280 1533 tributum.
1317 1468 1408 1529 Thus
1445 1463 1584 1527 offertur
1618 1464 1686 1523 Deo
1719 1459 1756 1519 in

106 1568 208 1631 tietur
227 1569 433 1648 intempore
446 1570 643 1632 Antichristi
667 1574 846 1633 incursum
873 1572 907 1633 ct
961 1569 1173 1631 sacrificium.
1202 1566 1341 1645 Myrrha
1358 1580 1438 1627 vero
1458 1562 1664 1624 mortuorum
1676 1573 1755 1619 cor·

106 1669 321 1729 daemonium
335 1671 589 1741 meridianum,
605 1670 737 1745 quando
749 1669 827 1731 talis
843 1669 907 1731 erit
960 1684 1043 1745 pora
1057 1666 1268 1729 condiuntur.
1283 1667 1410 1727 Aurum
1425 1660 1565 1722 affertur
1576 1658 1660 1733 regi,
1677 1655 1757 1733 quia

106 1765 294 1839 tribulatio,
315 1765 424 1844 qualis
451 1781 519 1827 non
547 1765 620 1839 fuit,
642 1783 685 1828 ex
706 1784 770 1844 quo
791 1769 906 1843 gentes
959 1765 1022 1827 fuit
1036 1770 1079 1827 ex
1091 1765 1184 1840 regia
1197 1764 1229 1824 et
1243 1759 1446 1823 sacerdotali
1458 1757 1558 1820 trihu.
1574 1755 1651 1816 Fuit
1665 1767 1757 1814 nam·

108 1879 182 1925 esse
196 1866 382 1940 coeperunt,
396 1880 500 1941 nsque
514 1865 555 1925 ad
567 1866 696 1941 tempus
712 1864 804 1925 illud.
960 1878 1023 1941 que
1037 1879 1100 1923 rex
1119 1860 1300 1923 secundum
1317 1856 1403 1937 quod
1418 1856 1453 1918 in
1473 1854 1545 1933 ipsa
1560 1849 1757 1930 genealogia

62 1988 68 1998 ·
126 1949 313 2025 ‘Similiter
338 1961 471 2038 fragilia
496 1977 626 2039 quoque
659 1963 737 2024 sunt
765 1978 905 2040 corpora
959 1957 1532 2031 111111116111111111111111
1554 1951 1756 2021 Marianae

106 2060 224 2121 nostra
244 2060 379 2137 propter
403 2060 553 2121 diversas
578 2059 804 2135 infirmitates,
822 2075 905 2137 quas
959 2042 1755 2133 1111111111111111011111111111111.116).

106 2158 258 2233 quotidie
277 2173 337 2234 pro
356 2158 501 2236 peccatis
518 2156 641 2219 nostris
656 2157 811 2235 patimur.
839 2157 905 2219 Alii
960 2156 1036 2217 Fuit
1049 2155 1149 2217 etiam
1165 2157 1248 2225 Rex,
1264 2152 1364 2229 prout
1377 2149 1535 2226 scriptum
1548 2146 1599 2207 est
1613 2144 1647 2206 in
1657 2142 1754 2206 titulo

107 2255 200 2316 enim
216 2271 260 2316 ex
273 2255 371 2316 nohis
385 2255 527 2317 diversis
541 2254 688 2316 febribus
708 2256 903 2325 astuantur,
959 2252 1118 2330 triumphi
1138 2252 1215 2313 sui:
1239 2253 1344 2312 leuas
1363 2251 1571 2311 Nazarenus
1589 2247 1665 2304 liceo
1686 2244 1754 2303 Ju-

105 2351 167 2413 alii
198 2352 287 2413 fame
310 2354 343 2415 et
371 2352 426 2414 siti
453 2352 655 2424 cruciantur,
684 2352 744 2411 alii
765 2352 906 2412 diversis
960 2351 1126 2411 derorum.
1144 2346 1253 2427 (ioan.
1267 2362 1338 2418 xix,
1356 2343 1420 2424 19).
1446 2344 1509 2410 Qui
1530 2342 1637 2403 etiam
1655 2339 1754 2401 habet

102 2449 361 2510 infirmitatibus
383 2448 587 2525 affliguntur,
611 2448 670 2509 alii
691 2447 832 2510 diversis
854 2449 906 2509 la·
959 2450 997 2508 in
1015 2446 1219 2508 vestimento
1231 2446 1265 2507 et
1280 2448 1317 2506 in
1330 2446 1463 2518 femora
1483 2454 1545 2502 suo
1559 2437 1755 2513 scriptum:

100 2544 247 2606 boribus
284 2547 317 2606 et
348 2545 617 2608 tribulationibus
646 2545 837 2622 fatigantur.
867 2548 907 2608 Et
958 2547 1042 2615 Rea,
1067 2559 1190 2620 rapum
1222 2543 1256 2605 et
1286 2544 1455 2603 Dominus
1489 2535 1752 2599 dominantium.

100 2642 179 2703 haec
194 2643 309 2704 omnia
324 2643 401 2705 sunt
421 2642 462 2703 ad
486 2641 697 2720 probatmnes
722 2644 903 2705 hominum.
960 2638 1075 2720 (Apoc.
1089 2657 1161 2714 xix,
1181 2637 1245 2718 16).
1260 2640 1351 2701 Thus
1365 2635 1555 2700 obtulerunt
1574 2630 1750 2705 sacerdoti,

102 2739 203 2802 Unde
217 2741 252 2799 in
265 2740 350 2801 libro
364 2740 542 2817 Sapientiae
557 2762 565 2800 :
589 2745 764 2814 Tanquam
778 2756 906 2803 aurum
959 2739 1000 2800 de
1014 2756 1078 2817 quo
1093 2738 1198 2801 David
1212 2739 1269 2810 ait,
1286 2736 1415 2798 scilicet
1428 2735 1468 2795 de
1483 2733 1613 2795 Christo
1631 2753 1638 2791 :
1653 2734 1702 2793 Tit
1716 2744 1754 2792 es

102 2840 140 2898 in
167 2839 312 2912 fornace
326 2838 500 2911 probavit,
528 2838 651 2899 eiectos
675 2841 853 2909 Dominus,
871 2840 905 2900 et
957 2839 1119 2897 sacerdos
1136 2839 1173 2897 in
1194 2837 1366 2897 aeternum
1387 2834 1574 2895 secundum
1594 2830 1754 2890 ordinem
1859 2858 1860 2862 =

102 2936 208 3008 attasi
247 2936 433 2997 holocausti
472 2936 620 2997 hostiam
664 2936 794 3009 accepit
830 2939 903 3014 ilios
956 2931 1287 3013 Melchisedechffs.
1298 2933 1367 3004 109,
1380 2929 1424 3009 4).
1436 2925 1681 2991 Melchisedech
1691 2923 1755 2985 fuit

107 3028 203 3111 (Sap.
219 3046 268 3103 111,
284 3029 330 3110 6).
347 3034 433 3092 Deus
444 3029 596 3108 probavit
610 3032 733 3093 electos
745 3032 902 3109 tanquam
956 3031 1150 3099 rexSalem,
1164 3030 1319 3092 sacerdos
1329 3029 1460 3090 Domini
1473 3025 1604 3095 summi,
1616 3026 1754 3098 quinon

105 3144 225 3189 aurum
242 3128 277 3188 in
292 3128 437 3200 fornace,
463 3129 497 3190 et
517 3128 733 3190 sicutaurum
748 3129 903 3192 clarescit
953 3143 1020 3201 per
1041 3132 1248 3204 sanauinem
1270 3130 1449 3189 hircorum
1480 3124 1542 3185 aut
1565 3121 1754 3183 uitulorum

106 3226 229 3286 ardore
252 3224 407 3298 fornacis,
424 3226 472 3287 ita
487 3226 584 3287 electi
596 3243 656 3303 per
667 3228 779 3288 varias
794 3229 903 3289 tenta·
955 3228 1018 3286 sed
1025 3241 1094 3298 per
1102 3229 1290 3298 proprium
1303 3226 1510 3299 misprcinern
1525 3217 1754 3281 1111111111-

106 3323 213 3385 tiones
229 3324 261 3384 et
275 3339 335 3400 per
353 3323 609 3384 amaritudinem
624 3324 790 3399 passionis
804 3325 901 3386 tran·
955 3319 1596 3392 1111111111,111111111111111111
1611 3313 1753 3376 1111111

106 3420 217 3482 sibunt
230 3420 266 3481 in
280 3421 490 3497 splendorem
505 3420 651 3481 coelestis
672 3420 899 3483 beatitudinis.
958 3417 1071 3497 (Hebr.
1089 3434 1137 3491 rx,
1158 3415 1221 3497 12),
1238 3416 1394 3480 Pontifex
1410 3416 1517 3478 factus
1530 3415 1565 3475 in
1579 3413 1750 3474 aeterrmm.

107 3519 149 3579 m
168 3520 304 3593 accepit
329 3533 388 3580 cos
416 3521 516 3591 quasi
540 3519 688 3599 bostium
716 3521 902 3581 holocausti
957 3518 996 3577 Et
1008 3516 1087 3578 licet
1100 3515 1202 3578 fuerit
1217 3532 1259 3576 ex
1272 3515 1373 3577 tantis
1388 3513 1549 3581 tribubus,
1565 3510 1627 3572 fuit
1639 3511 1751 3571 tamen

108 3611 217 3694 (ibid).
235 3616 351 3677 Hostia
373 3615 560 3677 holocausti
579 3616 648 3677 tota
661 3616 758 3677 nocte
773 3632 903 3678 crema·
956 3613 1106 3675 mortalis
1120 3636 1128 3689 3
1145 3616 1226 3687 quia
1237 3628 1320 3675 aare
1334 3618 1519 3689 ianpuorcs
1529 3610 1667 3671 nostros
1678 3610 1753 3682 ipsc

108 3711 200 3773 batur
209 3713 247 3774 in
261 3713 372 3774 altari.
386 3715 463 3774 Nox
472 3713 523 3775 est
532 3713 601 3774 vita
611 3729 780 3790 presens:
797 3714 902 3777 altare
957 3712 1049 3784 tulit,
1081 3713 1116 3774 et
1146 3714 1280 3773 dolores
1313 3711 1451 3771 :nostros
1490 3712 1563 3784 ipsc
1596 3704 1753 3783 portauit

106 3808 198 3885 fides3
224 3810 312 3886 ignis
337 3810 494 3872 charitas.
512 3810 626 3873 Justus
649 3813 816 3873 crematur
832 3812 901 3874 tuta
957 3805 1014 3887 (Is.
1039 3823 1111 3877 111,
1148 3805 1199 3886 4),
1233 3807 1312 3885 quia
1333 3807 1469 3884 peccata
1498 3805 1613 3867 nostra
1637 3801 1753 3880 pertu-

107 3910 197 3969 nocte
230 3908 265 3968 in
288 3908 397 3981 altari,
423 3908 509 3970 idest
532 3908 623 3969 omni
650 3910 797 3987 tempore
822 3910 901 3972 vnae
956 3906 995 3968 lit
1016 3906 1051 3967 in
1076 3921 1213 3983 corpore
1237 3921 1297 3967 suo
1328 3920 1430 3982 super
1457 3904 1595 3979 lignum.
1621 3899 1753 3962 011111-

106 4006 290 4095 praesentis.
311 4006 443 4067 Positus
460 4007 496 4066 11
517 4006 581 4067 fide
602 4006 791 4079 Trinitatis,
807 4007 902 4070 ardet
955 4007 1033 4067 runt
1052 4005 1237 4082 myrrham:
1263 4004 1399 4081 myrrha
1414 4019 1493 4064 vero
1515 3998 1607 4061 arcet
1619 4010 1750 4059 vermes

106 4101 177 4176 igne
210 4103 397 4165 charitatis.
426 4104 540 4166 Uritur
566 4104 667 4165 etlam
696 4105 794 4167 horno
822 4106 900 4181 igne
955 4116 975 4160 a
999 4099 1431 4176 corporibusmortuorum,
1455 4097 1584 4172 etipsa
1610 4107 1751 4170 corpora

107 4200 345 4275 tribulationis:
371 4201 458 4261 unde
476 4201 511 4260 in
540 4201 794 4263 Ecclesiastico:
813 4206 901 4263 Vasa
955 4195 1130 4257 conservat
1150 4196 1408 4272 acorrnptione.
1434 4197 1575 4271 Propter
1588 4190 1674 4269 quod
1693 4192 1753 4252 Jo-

107 4297 195 4370 razn
219 4299 344 4372 prodat
368 4300 519 4372 sorriana,
550 4299 584 4358 et
608 4302 764 4360 homines
785 4300 900 4370 111111
954 4294 1035 4370 seph
1051 4292 1590 4354 ubArimathaeaemitmixturam
1606 4285 1751 4363 myrrhas

107 4392 729 4473 111111101111111111111111111.1111,
745 4395 789 4472 6).
808 4395 901 4456 Sicut
955 4391 1102 4461 etnicos,
1120 4391 1156 4450 ut
1169 4390 1320 4449 condiret
1335 4404 1455 4464 corpus
1469 4391 1561 4449 lesu.
1578 4389 1642 4445 Per
1654 4399 1749 4459 myr-

108 4490 192 4551 calor
206 4490 583 4551 fornacisinduratvasa
595 4490 710 4551 fictilia
723 4508 796 4569 qum
808 4491 899 4567 prius
954 4488 1049 4548 rharn
1065 4502 1144 4561 ergo
1164 4486 1275 4546 carnis
1290 4485 1465 4561 integritas
1485 4485 1519 4546 et
1543 4480 1749 4558 incorruptio

108 4590 197 4649 erant
218 4588 343 4659 mollia,
363 4588 410 4649 ita
424 4587 563 4649 tentatio
575 4587 800 4649 tribulationis
813 4605 899 4649 cen·
953 4585 1157 4661 designatur.
1174 4583 1234 4645 Vel
1249 4583 1359 4659 potius
1374 4582 1409 4641 in
1424 4582 1497 4642 istis
1511 4580 1617 4642 tribus
1632 4595 1752 4640 mune-
1799 4596 1810 4607 ·

109 4682 214 4747 firmat
232 4686 341 4762 Justos
364 4684 511 4746 inomni
535 4685 676 4747 veritate
702 4686 734 4747 et
756 4686 897 4762 Justitia.
953 4681 1046 4742 ribus
1059 4682 1128 4744 tres
1141 4681 1176 4741 in
1192 4680 1322 4740 Christo
1333 4677 1591 4755 designaverunt
1602 4677 1750 4739 substan·

109 4780 189 4842 Deus
202 4799 283 4858 ergo
296 4782 408 4859 posuit
420 4782 615 4843 thesaurum
631 4782 667 4842 in
681 4781 772 4844 rasis
787 4782 900 4845 1111111-
953 4780 1017 4840 tias
1050 4801 1058 4840 ε
1096 4779 1270 4849 Deitatem,
1309 4777 1484 4849 videlicet,
1525 4777 1671 4838 animam
1717 4778 1751 4840 et

109 4875 176 4951 bus,
205 4880 284 4958 quia
310 4880 400 4941 dedit
427 4880 570 4955 gratiam
598 4880 832 4943 multiformem
863 4882 897 4942 in
953 4893 1098 4939 carnem.
1113 4881 1249 4938 Aurum
1265 4875 1453 4952 enimqnod
1468 4876 1663 4952 praeeminet
1678 4875 1750 4937 uni·

110 4972 257 5038 humanis
271 4977 475 5054 corporibus,
497 4978 584 5038 sicut
601 4978 681 5039 dicit
697 4979 896 5055 Apostolus:
951 4976 1059 5037 versis
1082 4975 1242 5046 metallis,
1271 4974 1438 5049 significat
1464 4975 1644 5046 Deitatem,
1674 4991 1749 5051 quae

110 5074 278 5136 Haoenuu
298 5076 451 5151 aratiam
475 5091 540 5150 per
574 5091 677 5149 quarn
701 5081 898 5138 scrutamur
952 5074 1146 5150 praeeminet
1172 5073 1338 5134 universis
1364 5073 1504 5133 naturis.
1534 5077 1632 5143 Thais,
1661 5071 1747 5147 quod

110 5172 274 5239 pitaccntcs
310 5177 380 5233 Dco
407 5190 485 5233 (111
515 5174 609 5233 nictu
633 5188 673 5233 uc
699 5176 898 5235 reuerentia
952 5172 1002 5233 est
1016 5172 1158 5247 spirans,
1175 5170 1341 5246 significat
1357 5170 1502 5231 animam
1518 5186 1590 5245 quae
1606 5167 1657 5228 est
1673 5168 1745 5243 spi-

111 5263 217 5343 (llebr.
240 5286 302 5342 ru,
329 5269 395 5349 28).
426 5272 465 5331 Et
489 5270 716 5345 Augustinus:
735 5272 896 5333 «Praesto
951 5268 1045 5329 ritus.
1056 5272 1216 5342 ifurrha,
1231 5284 1304 5344 quae
1315 5284 1444 5328 vermes
1459 5248 1743 5339 arcetacorpori-

110 5377 233 5442 semper
263 5368 313 5429 est
351 5368 475 5442 gratia,
498 5382 526 5428 ae
565 5382 735 5444 nunquam
771 5368 896 5430 recedit
950 5366 1011 5426 bus
1032 5366 1247 5437 mortuorum,
1275 5366 1440 5440 significet
1455 5377 1588 5423 carnem
1609 5358 1743 5433 Christi,

110 5460 170 5522 nisi
180 5465 328 5541 expulsa,
349 5467 381 5527 et
394 5481 459 5525 non
474 5465 653 5526 revertitur
667 5465 732 5525 nisi
747 5481 806 5541 per
821 5482 894 5542 poe·
950 5480 1023 5540 qua:
1036 5480 1111 5525 cum
1124 5464 1213 5525 esset
1222 5462 1383 5533 mortalis,
1398 5477 1464 5521 non
1475 5459 1579 5519 sensit
1593 5456 1745 5519 stimulos

112 5557 290 5623 nitentium.
308 5562 391 5634 Quia
406 5579 513 5640 neque
528 5562 583 5641 qui
599 5563 698 5638 rigat,
717 5578 824 5639 neque
839 5563 894 5640 qui
949 5561 1123 5635 vitiorum3
1149 5560 1228 5637 quia
1249 5546 1327 5620 licet
1349 5556 1450 5618 fuerit
1477 5555 1622 5615 humana
1643 5569 1744 5617 carne

111 5654 230 5730 plantat
238 5662 288 5722 est
298 5659 434 5739 aliquid,
447 5660 505 5724 sed
515 5661 573 5738 qui
587 5660 827 5722 incrementum
839 5661 896 5722 dat
950 5659 1098 5731 vestitus,
1115 5675 1181 5719 non
1201 5656 1216 5718 f
1237 5656 1263 5718 it
1276 5658 1387 5717 tamen
1402 5653 1547 5714 humana
1562 5651 1742 5728 fragilitate
