3960 6188
216 271 277 333 ou
681 269 857 331 uouoau
878 270 925 330 111
946 271 1095 333 orsus.
1112 300 1151 315 -
1167 271 1399 334 suasorius
1807 273 1866 335 913

217 430 316 493 tutes.
333 430 418 491 Nam
430 430 560 501 Petrus,
577 426 634 506 qui
648 428 741 505 prius
755 429 1013 491 ancillaevocem
1067 429 1104 491 iu
1121 430 1279 493 Psalmo:
1300 432 1497 494 Intellectus
1518 434 1624 495 bouus
1636 436 1800 495 munim
1808 438 1868 508 sa·

216 527 384 598 timuerat,
401 529 475 604 post
488 526 711 603 receptionem
736 528 879 605 Spiritus
900 527 1012 589 Sancti
1065 529 1232 590 cientibus
1245 544 1325 590 eum
1340 526 1409 607 (Ps.
1436 529 1504 602 110,
1529 530 1592 609 10),
1614 532 1649 591 et
1672 531 1867 593 memoriam
1961 548 1962 573 l

218 640 285 687 non
300 624 462 686 dubitavit
477 625 608 700 portare
623 625 840 701 Evangelium
858 628 935 687 ante
952 642 1011 688 re·
1066 625 1120 686 rel
1138 625 1173 686 in
1197 626 1427 688 contritionem
1452 628 1521 689 tam
1539 629 1752 704 peccatorum
1768 645 1866 706 quam

216 737 274 799 ges
290 726 322 784 et
335 722 494 799 praesides
509 724 642 799 proptor
656 738 775 783 nomen
784 723 906 784 Christi
919 725 1010 785 iesu.
1067 737 1251 799 poenarum,
1273 723 1327 784 rel
1346 724 1383 785 in
1402 724 1612 801 jucunditate
1632 726 1752 800 gloriae
1777 742 1871 787 com·
1961 786 1962 801 ,

255 820 383 881 Dicitur
401 819 591 891 vehemens,
613 820 691 897 quia
710 820 899 892 vehemens,
917 821 1012 898 quasi
1066 819 1193 896 pungit.
1210 820 1350 882 sednon
1364 820 1479 883 litnisi
1491 821 1528 882 in
1541 823 1652 883 anima
1667 823 1817 885 sedante
1961 820 1962 829 ’

215 918 340 978 vehens
363 917 530 979 bominem
554 933 574 978 a
598 918 719 989 mente,
740 918 838 995 Juxta
857 917 943 995 quod
972 919 1012 980 de
1107 918 1229 979 Sedere
1252 920 1363 979 autem
1386 919 1558 996 quiescere
1584 919 1765 995 significat.
1792 922 1867 983 Non

215 1016 314 1076 Petro
327 1015 449 1077 dicitur
460 1014 495 1075 in
513 1014 649 1076 Actibus
666 1015 909 1092 Apostolorum,
926 1017 1011 1093 quod
1066 1030 1145 1089 ergo
1162 1014 1197 1075 in
1221 1016 1333 1076 anima
1354 1032 1416 1078 sua
1440 1017 1543 1088 sedet,
1560 1017 1617 1094 qni
1639 1018 1676 1077 in
1696 1017 1865 1080 voluntate

214 1114 330 1190 raptus
345 1114 379 1173 in
392 1113 534 1174 extasim
548 1112 631 1175 vidit
645 1112 803 1174 animalia
817 1112 881 1175 sibi
896 1114 1013 1175 dimis·
1066 1111 1153 1173 bona
1165 1114 1198 1174 et
1210 1128 1284 1173 cum
1297 1116 1364 1174 Deo
1379 1129 1447 1175 non
1463 1114 1615 1192 quiescit
1634 1115 1762 1191 Siquis
1774 1117 1825 1176 est
1834 1117 1865 1177 in

215 1225 253 1271 sa
269 1210 303 1270 in
318 1209 420 1271 disco.
438 1211 478 1272 st
491 1210 616 1271 Paulus
637 1213 751 1288 raptus
767 1227 871 1288 usque
888 1211 930 1273 ad
945 1212 1013 1274 ter·
1066 1208 1167 1281 motu,
1188 1210 1351 1287 quomodo
1370 1210 1502 1272 libidini
1523 1227 1592 1273 suae
1614 1213 1756 1283 serviat,
1783 1230 1864 1289 quo-

213 1307 297 1369 tium
312 1307 431 1368 coelum
446 1307 615 1369 nesciebat
634 1310 743 1369 utrum
760 1309 796 1370 iu
818 1325 955 1386 corpore
968 1325 1011 1371 an
1066 1305 1162 1367 modo
1175 1307 1261 1383 gulae
1280 1307 1482 1385 obtemperet
1501 1310 1535 1370 θῖ
1550 1308 1717 1386 quomodo
1731 1310 1864 1372 inridiae

214 1405 309 1466 extra
324 1421 455 1483 corpus.
479 1404 539 1467 Vel
560 1405 750 1478 vehemens,
774 1407 871 1475 idest,
887 1407 1012 1468 vehens
1065 1420 1231 1465 venenum
1244 1404 1402 1478 effundat,
1426 1421 1492 1468 non
1516 1407 1566 1468 θεῖ
1584 1406 1648 1468 iste
1661 1406 1705 1468 de
1718 1407 1864 1469 sedenti·

214 1505 357 1563 mentem
378 1502 522 1563 bominis
543 1503 584 1564 ad
599 1504 782 1580 superiora,
804 1504 901 1582 juxta
925 1504 1010 1581 quod
1065 1500 1137 1572 bus,
1155 1501 1420 1578 sedvagantibus
1435 1503 1471 1565 in
1487 1503 1582 1566 domo
1596 1505 1733 1565 animae.
1758 1507 1866 1581 Vaga-

214 1599 255 1660 de
266 1602 395 1663 ioanne
408 1599 528 1662 dicitur
551 1601 585 1661 in
606 1602 815 1678 Apocalypsi,
832 1601 918 1679 quod
934 1618 1013 1678 rap-
1065 1599 1120 1660 tur
1131 1598 1167 1660 in
1187 1599 1297 1673 domo,
1322 1600 1378 1661 ubi
1401 1601 1496 1662 erant
1519 1601 1669 1678 Apostoli
1699 1602 1866 1674 sedentes,

214 1700 268 1757 tus
284 1697 318 1758 in
333 1698 477 1760 montem
493 1714 647 1775 magnum
660 1702 693 1761 et
704 1700 806 1761 altum
818 1700 902 1762 vidit
914 1703 1013 1762 Jeru-
1065 1698 1244 1774 antequam
1274 1699 1433 1774 Spiritum
1461 1700 1616 1759 Sanctum
1647 1702 1865 1777 recepissent

214 1794 319 1855 salem
337 1811 456 1856 novam
480 1795 732 1858 descendentem
747 1797 787 1857 de
802 1796 886 1858 coelo
908 1800 1011 1859 abeo
1067 1794 1157 1855 Sciat
1170 1795 1271 1871 igitur
1293 1794 1442 1873 quilibet,
1459 1796 1544 1873 quod
1561 1798 1708 1874 Spiritus
1724 1800 1869 1859 Sanctus

214 1893 364 1968 paratam
389 1894 556 1970 tamquam
586 1910 741 1970 sponsam
765 1895 916 1956 ornatam
937 1896 1010 1956 viro
1065 1906 1131 1952 non
1154 1891 1259 1969 replet
1282 1893 1426 1965 domum,
1448 1893 1505 1955 ubi
1538 1894 1667 1956 invenit
1691 1898 1866 1971 vagantes,

214 2005 285 2050 suo.
309 1991 349 2052 lit
372 1990 477 2051 Isaiae
498 2013 506 2052 ε
537 1995 611 2052 Victi
627 1995 813 2054 Dominum
836 1993 1011 2054 sedentem
1066 2005 1125 2050 seu
1140 1989 1196 2050 ubi
1215 1990 1343 2052 invenit
1362 1991 1525 2053 sedentes.
1540 1992 1634 2053 Unde
1648 1995 1754 2053 Amos
1767 2016 1776 2052 z
1791 1997 1864 2066 His,

213 2101 320 2160 super
335 2092 459 2150 sotium
481 2095 656 2151 cerceisuru
670 2088 727 2168 (is.
744 2106 791 2161 vr,
814 2088 858 2169 1).
873 2091 912 2150 Et
926 2092 1009 2151 Dze-
1064 2089 1232 2162 quatieris
1254 2088 1347 2159 sunt,
1370 2089 1537 2150 dicetur:
1564 2105 1631 2161 oce,
1657 2106 1714 2151 voe
1738 2089 1867 2168 (Amos,
1961 2116 1962 2119 ¹

214 2183 304 2245 chiel
325 2185 408 2247 vidit
426 2186 533 2247 rotam
556 2185 592 2247 in
615 2187 723 2248 medio
738 2187 830 2259 rotae,
857 2187 891 2248 θῖ
907 2186 956 2248 sic
971 2186 1011 2248 de
1065 2200 1096 2256 r,
1114 2182 1178 2262 16).

218 2282 350 2343 coeteris
363 2284 544 2360 prophetis,
566 2285 644 2361 quia
666 2284 802 2361 spiritus
822 2284 1010 2361 Propheta·
1106 2282 1145 2342 Et
1168 2280 1254 2343 sicut
1280 2281 1424 2358 Spiritus
1444 2282 1586 2345 Sanctus
1601 2283 1745 2360 replerit
1765 2286 1865 2346 totam
1961 2316 1962 2353 3

214 2394 289 2440 rum
305 2379 472 2457 subjectus
487 2382 537 2443 est
551 2382 611 2454 eis,
628 2382 744 2444 etideo
757 2382 883 2444 mentes
895 2398 1010 2444 eorum
1065 2376 1208 2452 domum,
1234 2377 1290 2440 ubi
1305 2381 1403 2441 erant
1425 2380 1574 2457 Apostoli
1594 2384 1804 2458 congregati,
1819 2383 1865 2444 ita
1961 2372 1962 2377 ’

214 2492 345 2554 semper
356 2478 448 2540 vehit
459 2479 500 2540 ad
512 2480 695 2556 superiora.
710 2480 809 2541 Venit
823 2496 901 2556 ergo
914 2481 1011 2541 vebo·
1065 2475 1099 2535 in
1122 2476 1233 2538 futuro
1247 2476 1388 2553 replebit
1404 2479 1508 2539 totam
1530 2478 1727 2551 Ecclesiam,
1749 2480 1863 2557 inqua

214 2590 308 2636 mens
325 2576 468 2653 Spiritus
490 2577 641 2649 Sanctus,
659 2578 790 2654 quando
805 2577 892 2639 istud
907 2582 1010 2639 oeba
1065 2574 1162 2659 erunt
1195 2573 1259 2635 soli
1284 2574 1362 2636 boni
1393 2576 1426 2637 et
1449 2591 1564 2636 omnes
1597 2575 1687 2638 boni.
1720 2576 1862 2654 Spiritus

214 2672 369 2733 cordibus
384 2690 519 2735 suorum
536 2674 662 2736 adimit.
677 2674 768 2747 Quod
784 2674 831 2746 nt,
845 2690 918 2736 oum
932 2690 1011 2752 pec·
1065 2670 1204 2732 Sanctus
1215 2671 1434 2734 descenditde
1445 2673 1528 2734 coelo
1539 2674 1687 2750 repente,
1702 2676 1739 2735 ut
1751 2676 1867 2735 osten·

217 2769 292 2829 cata
307 2769 452 2831 dimittit.
474 2772 574 2842 Quasi
592 2772 717 2833 diceret
730 2789 738 2832 :
752 2772 851 2834 Venit
862 2787 941 2847 ergo
955 2788 1011 2831 so-
1064 2767 1155 2829 deret
1168 2784 1261 2829 suam
1272 2769 1476 2831 voluntatem
1486 2772 1519 2831 et
1531 2770 1771 2843 tortitudinem,
1785 2772 1861 2848 quia

212 2881 287 2930 uus.
302 2866 356 2927 vel
372 2866 507 2943 spiritus
522 2868 557 2928 in
577 2867 793 2928 similitudine
807 2869 898 2930 venti
909 2868 1011 2929 vehe-
1063 2865 1134 2941 ipse
1147 2868 1197 2928 est
1211 2867 1309 2928 velox
1320 2868 1353 2929 θῖ
1365 2867 1459 2929 tortis
1474 2869 1514 2928 ad
1536 2868 1612 2940 tria,
1629 2868 1801 2941 videlicet,
1824 2869 1861 2929 ad
1961 2920 1962 2929 ,

214 2964 344 3037 mentis,
359 2965 392 3026 et
404 2965 544 3042 replevit
553 2963 612 3025 ille
622 2980 723 3026 sonus
733 2965 786 3026 vel
798 2965 855 3026 ille
873 2965 1009 3041 spiritus
1063 2962 1258 3036 docendum,
1284 2964 1324 3024 ad
1342 2965 1604 3041 J'ustiticandum,
1630 2966 1664 3027 θῖ
1688 2965 1731 3026 ad
1755 2966 1862 3042 glori-

211 3059 314 3122 iotam
327 3061 470 3133 domum,
484 3061 540 3123 ubi
550 3063 646 3125 erant
657 3062 820 3134 sedentes,
834 3062 931 3135 idest,
945 3063 1009 3127 riri
1063 3060 1240 3121 fluendum.
1275 3066 1548 3134 adducendum,
1573 3062 1661 3124 sicui
1688 3063 1724 3124 in
1757 3068 1864 3140 Apos-

210 3158 244 3220 et
264 3159 432 3233 mulieres,
465 3159 560 3232 idest,
595 3161 726 3222 centum
755 3161 873 3238 viginti
895 3160 1009 3222 fideles
1063 3158 1151 3232 iotis,
1175 3158 1319 3236 quicum
1336 3160 1448 3221 essent
1466 3160 1577 3222 idiotae
1592 3161 1859 3233 etsineliiteris,

210 3255 364 3318 sedentes
382 3257 416 3318 in
438 3257 546 3330 domo,
567 3258 646 3336 quia
668 3258 790 3320 dictum
806 3257 914 3320 iuerat
938 3258 1007 3319 eis:
1064 3256 1172 3321 subito
1209 3258 1409 3334 acceperunt
1443 3274 1572 3319 omnem
1606 3259 1797 3330 scientiam,
1831 3260 1862 3319 θῖ

209 3354 330 3416 Sedete
358 3356 570 3428 incivitate,
608 3370 781 3430 quousque
813 3359 1010 3418 induamini
1063 3369 1194 3415 omnem
1214 3352 1402 3428 linguarum
1422 3353 1689 3415 notitiamUnde
1713 3354 1751 3414 in
1772 3354 1865 3415 Acti·

211 3452 343 3514 uirtute
355 3467 402 3513 car
416 3454 483 3515 ulto
498 3451 694 3531 (Lucmv,
709 3452 773 3532 49).
1062 3451 1123 3513 bus
1148 3449 1380 3527 Apostolorum
1400 3466 1408 3511 :
1426 3452 1609 3526 Coeperuut
1634 3455 1727 3525 loqui
1753 3455 1863 3513 uariis
1961 3506 1962 3509 ,

250 3550 337 3611 Nota
346 3554 477 3612 sedero.
488 3552 562 3612 Non
573 3551 743 3613 descendit
756 3551 898 3628 Spiritus
910 3553 1010 3612 Sanc·
1062 3552 1188 3625 linquis
1227 3551 1402 3624 manualia
1439 3551 1518 3620 Dei,
1554 3550 1663 3621 prout
1709 3550 1864 3622 Spiritus

210 3644 319 3708 tusad
341 3664 411 3719 vos,
437 3649 503 3709 nisi
523 3649 666 3711 sedeatis
681 3651 791 3710 mente
810 3648 843 3711 et
858 3665 1006 3726 corpore,
1062 3647 1208 3708 Solutus
1237 3646 1338 3708 debut
1376 3648 1485 3720 eloqui
1520 3649 1585 3707 iltis
1618 3644 1704 3725 (Act.
1734 3662 1772 3718 n,
1817 3644 1862 3724 l).

212 3743 248 3803 ut
263 3759 325 3803 nec
340 3760 432 3805 mens
447 3761 534 3806 vana
548 3746 680 3821 cogitet,
699 3761 760 3807 nec
780 3762 899 3823 corpus
914 3748 1008 3808 extra
1063 3744 1102 3804 Et
1124 3742 1159 3803 in
1180 3742 1359 3818 Evangelio
1378 3765 1386 3803 :
1406 3746 1486 3804 Nou
1502 3747 1596 3804 euim
1611 3758 1672 3805 eos
1684 3745 1782 3815 estis,
1806 3747 1863 3818 qui

209 3838 370 3901 terminos
385 3841 581 3902 constitutos
602 3841 797 3903 deambulet.
813 3860 832 3902 u
847 3846 886 3905 ut
900 3844 1010 3920 reple·
1062 3844 1250 3915 loquimini,
1273 3844 1333 3902 sed
1353 3840 1499 3914 spiritus
1519 3841 1641 3902 Patris
1662 3842 1785 3913 vestri,
1805 3845 1863 3915 qut
1961 3852 1962 3855 ’

210 3937 371 3999 vittotam
387 3938 531 4010 domum,
550 3937 606 3999 ubi
621 3939 717 4000 erant
730 3938 892 4000 sedentes.
909 3942 1007 4001 »Do-
1062 3939 1212 4011 loquitur
1226 3939 1264 3998 iu
1284 3940 1377 3998 vobis
1399 3934 1531 4014 (Mattb.
1551 3953 1585 4008 x,
1610 3935 1677 4016 20).
1695 3940 1736 3999 Et
1756 3942 1866 4013 Apos-

211 4050 285 4095 mus
305 4034 337 4096 in
358 4052 455 4097 sacra
477 4036 649 4113 Scriptura
672 4036 898 4114 multipliciter
919 4038 1002 4099 acci·
1062 4034 1149 4096 tolus
1175 4034 1279 4095 dicit:
1308 4034 1461 4106 Spiritus
1488 4036 1575 4105 ejus,
1597 4038 1658 4108 qui
1681 4035 1861 4097 mutauit

212 4132 311 4209 pitur,
333 4133 389 4193 sed
419 4134 474 4196 hic
496 4134 688 4210 significare
710 4135 843 4197 videtur
863 4136 1007 4197 animam
1063 4132 1238 4194 Cbristuru
1276 4145 1299 4192 u
1337 4131 1496 4202 mortuis,
1529 4132 1661 4193 babitut
1698 4135 1734 4192 iu
1766 4134 1862 4192 vobis

206 4229 301 4307 justi,
321 4246 419 4308 quam
442 4232 548 4308 replet
573 4232 715 4310 Spiritus
735 4234 877 4295 Sanctus
893 4233 1004 4296 totam.
1063 4227 1171 4317 (Rom.
1187 4243 1259 4296 rur,
1273 4226 1337 4307 11).
1355 4230 1401 4288 De
1416 4227 1494 4288 aliis
1515 4227 1644 4289 duobus
1664 4228 1712 4288 nil
1726 4229 1769 4312 ad
1782 4244 1865 4306 prae·

212 4328 274 4389 Sed
291 4328 455 4406 quomodo
479 4330 592 4390 anima
619 4331 726 4407 potest
749 4330 814 4391 dici
836 4332 916 4404 tota,
933 4347 1007 4391 cum
1062 4342 1149 4387 sens.
1171 4324 1277 4387 Velox
1291 4325 1352 4397 est,
1369 4325 1448 4402 quia
1468 4339 1565 4401 quem
1580 4324 1662 4395 vult,
1680 4328 1714 4387 et
1731 4326 1861 4403 quando

209 4427 320 4503 partes
333 4443 400 4487 non
417 4426 548 4501 babeat,
574 4427 632 4489 sed
651 4427 694 4488 sit
709 4444 763 4489 res
778 4427 912 4488 omnino
927 4429 1009 4488 sim·
1061 4423 1142 4496 vult,
1160 4422 1269 4495 docet3
1285 4422 1363 4498 quia
1386 4422 1458 4498 ipse
1479 4421 1580 4484 babet
1601 4422 1731 4484 clavem
1745 4422 1861 4493 David,

208 4524 307 4600 plexi
333 4524 382 4586 Ad
410 4525 483 4586 liaeo
506 4524 646 4585 dicimus
670 4523 756 4603 quod
778 4524 878 4586 habet
896 4524 1008 4586 anima
1062 4521 1118 4599 qui
1133 4520 1249 4597 aperit,
1266 4519 1298 4581 θῖ
1312 4534 1408 4580 nemo
1423 4519 1562 4595 claudit;
1577 4519 1704 4582 claudit
1717 4521 1753 4582 et
1767 4535 1862 4582 nemo

209 4622 331 4697 partes,
349 4638 415 4682 non
434 4622 626 4699 integrales,
651 4622 707 4684 sed
727 4622 899 4683 virtuales.
926 4623 1008 4685 Sunt
1062 4617 1179 4694 aperit.

209 4717 320 4777 autem
334 4720 403 4780 tres
419 4721 491 4797 ejus
511 4720 633 4795 partes,
658 4718 753 4790 idest,
770 4719 937 4795 potentiae,
956 4719 1009 4781 vi·
1100 4713 1259 4775 Dominus
1274 4712 1374 4775 habet
1392 4710 1519 4775 clarem
1537 4712 1654 4785 David,
1675 4713 1775 4785 idest,
1792 4730 1864 4775 mo-

209 4812 340 4882 delicet,
356 4813 560 4904 animositas,
577 4815 778 4886 intellectus,
791 4816 823 4877 θῖ
835 4815 1005 4876 memoria.
1062 4812 1138 4872 dum
1150 4812 1201 4872 vel
1212 4811 1362 4887 regulam
1372 4810 1560 4887 exponendi
1570 4809 1775 4887 Scripturas.
1788 4814 1861 4887 Ipse

208 4909 411 4972 Animositas
423 4912 483 4983 est,
496 4927 561 4988 qua
574 4911 614 4972 ad
627 4911 749 4973 bonurn
760 4912 814 4973 vel
829 4913 870 4972 ad
884 4912 1007 4973 malum
1063 4910 1169 4985 aperit
1192 4923 1289 4969 sacra
1312 4907 1482 4985 mysteria,
1506 4907 1626 4984 quibus
1647 4908 1804 4979 voluerit,
1829 4910 1861 4968 et

208 5007 375 5070 animatur
390 5008 928 5084 concupiscend03intellectusest
943 5025 1007 5087 quo
1063 5022 1168 5067 memo
1193 5004 1333 5077 claudit,
1360 5004 1460 5076 idest,
1491 5004 1603 5065 nullus
1628 5005 1729 5066 bomo
1755 5006 1862 5082 potest

207 5121 247 5166 ea
256 5121 329 5183 quae
338 5104 401 5166 sibi
412 5106 600 5179 occurrunt,
611 5121 730 5182 capere
742 5106 1009 5184 sufficit3mem0·
1062 5102 1215 5169 claudere
1229 5118 1375 5174 sensum,
1390 5102 1445 5163 cui
1459 5102 1619 5164 Dominus
1632 5104 1816 5179 aperuerit,
1829 5103 1862 5165 et

208 5204 260 5264 ria
280 5204 340 5275 est,
369 5219 435 5281 qua
456 5204 624 5281 praeterita
651 5204 885 5266 reminiscitur.
916 5206 1007 5266 Tunc
1062 5217 1080 5262 e
1104 5216 1274 5262 conversa.
1297 5199 1391 5272 Quia,
1416 5199 1502 5262 sicut
1522 5199 1603 5260 dicit
1615 5199 1742 5260 Paulus
1758 5222 1766 5260 ι
1780 5204 1860 5264 Nou

208 5316 288 5377 ergo
308 5302 451 5378 Spiritus
472 5302 612 5362 Sanctus
627 5302 730 5363 totam
741 5302 847 5379 replet
861 5302 1004 5374 domum,
1061 5290 1113 5360 est
1128 5299 1282 5371 veterulis,
1299 5311 1408 5387 ueque
1422 5299 1608 5368 currentis,
1627 5300 1689 5358 sed
1704 5301 1771 5359 Dei
1788 5301 1858 5358 rui·

207 5397 303 5470 idest,
320 5400 466 5461 animam
485 5401 645 5473 nostram,
672 5415 747 5461 cum
763 5399 1007 5461 etanimosita-
1061 5396 1210 5457 serentis
1238 5393 1347 5473 (Rom.
1375 5409 1419 5466 v1,
1452 5391 1515 5473 lli).
1544 5394 1647 5455 Nulla
1675 5395 1727 5456 est
1754 5409 1858 5468 mora,

208 5495 285 5562 tem,
301 5494 397 5568 idest,
408 5496 612 5558 voluntatem
625 5497 665 5557 ad
676 5497 799 5558 bonum
810 5496 960 5569 inclinat,
975 5496 1008 5559 et
1062 5492 1154 5554 nulla
1169 5499 1219 5554 est
1232 5492 1383 5563 tarditas,
1402 5491 1472 5564 sed,
1492 5507 1570 5553 mox
1590 5492 1627 5553 ut
1642 5490 1789 5554 voluerit
1806 5508 1860 5554 re-

208 5588 413 5655 iutellecium
427 5592 523 5654 bonis
544 5594 699 5673 operibus
715 5594 896 5673 conjungit.
914 5595 1007 5657 Unde
1061 5587 1139 5669 plat.
1171 5589 1264 5653 Unde
1296 5589 1499 5652 Psalmista:
1521 5588 1726 5653 «velociter
1757 5590 1860 5652 currit
