3996 6196
133 308 169 367 37
759 305 868 366 ortuo
891 303 1105 370 nonlnnus.
1737 314 1776 372 sa

132 499 204 561 sepe
219 480 265 563 (1)
277 505 284 544 :
297 482 353 545 ubi
369 482 526 562 quidquid
541 482 692 554 offertur,
705 482 853 560 quandiu
864 482 925 544 do-
977 492 1264 564 Joenneasoncte
1276 492 1393 564 Petra,
1406 492 1647 564 snttctel’oute,
1657 494 1775 554 sancte

130 582 234 643 minus
256 585 348 660 Papa
371 582 506 643 missam
532 580 760 653 celebraverit,
786 581 856 641 sive
881 579 922 641 ad
977 590 1128 660 Atmree,
1139 590 1257 651 sancte
1268 591 1451 665 Stephane,
1459 589 1577 651 sancte
1593 590 1772 661 Laurenti,

130 697 253 752 manus,
279 681 351 741 Sive
377 679 544 757 311116(1θ8
572 680 678 757 ipsius
705 678 841 749 domini,
869 678 922 739 Vel
976 687 1094 747 sancte
1126 689 1291 758 Vincenti,
1314 688 1432 749 cuncte
1457 688 1631 759 silvester,
1657 689 1782 769 euticie

129 794 223 858 super
252 778 369 850 altare,
407 778 654 856 capellanorum
692 779 751 849 est,
784 778 922 854 excepto
977 785 1054 854 Len,
1082 785 1200 845 sertctc
1226 788 1391 862 erepant,
1425 786 1543 847 cuncte
1571 785 1771 855 Benedicte,

130 893 219 957 pane,
233 876 354 955 quiesi
376 876 617 953 acolythorum,
635 876 664 937 si
688 876 840 953 recipere
862 890 923 936 vo-
975 881 1092 942 sencte
1111 884 1230 953 Besttt,
1245 883 1363 943 sancte
1382 885 1482 954 Sabe,
1505 883 1626 945 solute
1646 884 1770 958 Aenea,

128 975 247 1038 luerint
262 972 323 1055 (2).
339 977 410 1037 Hoc
435 974 524 1037 idem
539 973 709 1036 sciendum
736 973 777 1035 de
805 974 918 1045 missa,
974 979 1096 1039 setwtu
1122 982 1266 1051 Caecilia,
1287 979 1408 1041 sancte
1428 983 1545 1041 Lucia.
1569 980 1628 1041 His
1650 979 1770 1051 libitia,

113 1089 220 1154 ¹quam
245 1072 393 1136 celebrat
416 1072 502 1150 apud
525 1072 680 1135 Sanctam
697 1071 918 1133 anastasiam.
975 1076 1230 1139 archidiaconus
1256 1077 1347 1148 dicit,
1377 1080 1484 1150 Kerte
1509 1080 1636 1138 eleison
1650 1094 1662 1137 .·
1683 1077 1770 1138 scri-

127 1176 161 1234 ln
174 1187 296 1234 aurora
310 1171 402 1233 vadit
415 1171 457 1232 ad
471 1173 625 1233 Sanctam
644 1171 865 1241 anastasiam,
888 1170 921 1232 et

126 1269 268 1332 celebrat
295 1269 342 1332 ibi
365 1270 792 1345 secundammissan1;qua
814 1267 918 1339 linita,

124 1368 299 1430 revomitur
313 1367 354 1428 ad
374 1366 548 1428 basilicam
564 1368 694 1429 Sanctae
717 1366 833 1427 Mariae
847 1367 921 1426 Ma-

118 1467 213 1543 ·joris,
239 1467 274 1528 et
301 1464 405 1528 intrat
431 1466 616 1527 sacrarium
643 1481 717 1526 cum
743 1463 916 1541 episcopie,

124 1563 358 1637 cardinalibus,
376 1563 583 1635 diaconibus,
600 1562 865 1634 subdiaconibus,
887 1563 921 1624 ct

124 1662 260 1741 reliquis
284 1660 466 1733 ordinibus,
484 1661 517 1723 ei
541 1661 655 1722 dicunt
676 1660 838 1734 Tertiam
854 1676 919 1737 qua

123 1759 222 1832 dicta,
236 1760 375 1822 iuduunt
387 1775 433 1831 se,
448 1760 481 1821 et
495 1758 786 1837 processionaliter
795 1757 919 1821 vadunt

122 1857 163 1919 ad
178 1856 294 1929 altare,
315 1857 401 1920 sicut
424 1859 474 1919 est
494 1857 607 1918 moris.
625 1854 812 1918 Notandum
831 1854 917 1935 quod

121 1954 245 2032 septem
267 1954 386 2018 laculae
408 1955 527 2017 debent
542 1970 615 2017 esse
637 1955 672 2016 in
694 1955 796 2015 missa
818 1962 918 2032 super

121 2051 227 2127 altari,
245 2053 280 2116 et
291 2054 385 2115 curia
399 2052 496 2117 debet
510 2054 601 2116 dare.
625 2054 750 2117 Deinde
765 2052 917 2115 dominus

121 2152 211 2228 Papa
232 2152 353 2231 incipit
373 2152 509 2213 missam
532 2150 591 2231 (3),
615 2153 648 2214 et
674 2152 749 2231 post
775 2152 917 2229 primam

119 2249 304 2311 orationem
332 2249 463 2312 diaconi
492 2249 691 2321 cardinalea
719 2251 752 2314 et
778 2250 916 2310 subdia-

118 2346 202 2419 coni,
221 2347 256 2409 et
277 2347 335 2409 alii
350 2348 484 2410 ordines
506 2364 580 2410 cum
602 2348 776 2409 scrinariis
792 2346 842 2425 (a)
862 2345 917 2407 sa-

117 2443 208 2507 ciunt
230 2444 347 2507 laudes
362 2445 495 2507 domino
511 2448 611 2522 Papae
625 2444 739 2506 taliter
754 2443 917 2504 ordinati:

116 2542 376 2604 archidiaconus
396 2558 472 2602 cum
486 2542 563 2602 aliis
578 2539 774 2602 diaconibus
793 2539 826 2602 et
846 2539 918 2600 sub

115 2639 317 2701 diaconibus
348 2639 491 2701 ordinati
520 2640 609 2701 stant
630 2638 727 2716 Juxta
756 2638 861 2699 altare
881 2638 916 2698 in

113 2736 247 2799 duobus
274 2735 351 2807 filis,
382 2735 553 2796 scrinariis
576 2733 623 2813 (4)
646 2749 725 2797 vero
754 2734 915 2797 stantibus

115 2835 272 2895 deorsum
298 2832 334 2893 in
363 2832 464 2894 choro
486 2848 560 2893 cum
586 2831 797 2910 pluvialibus.
824 2834 915 2894 Tunc

116 2931 375 2993 archidiaconus
397 2946 471 2991 cum
497 2929 691 2991 diaconibus
712 2932 745 2992 et
770 2931 846 2993 aliis
866 2931 915 2992 sic

116 3029 233 3106 incipit
249 3027 381 3089 laudem
401 3027 469 3089 alta
488 3043 580 3099 voce,
596 3031 737 3089 Decentii
756 3031 889 3092 Ctriste
902 3045 913 3088 .·

118 3126 275 3188 scrinarii
297 3141 427 3204 quoque
446 3125 657 3202 respondent,
681 3129 828 3189 Domino
846 3144 912 3190 no-

118 3223 911 3298 stroPepaeuite.Iterumarcbidiaeonusdicat,

118 3324 256 3384 licendi
272 3322 425 3383 Christe:
447 3321 604 3383 scrinarii
619 3337 748 3399 quoque
770 3336 913 3399 respon-

118 3418 191 3483 dent
211 3419 381 3481 similiter.
403 3420 515 3481 Tertio
545 3419 800 3481 archidiaconus
821 3419 913 3492 dicit,

120 3519 256 3580 Ducendi
278 3518 412 3580 Christe
426 3535 437 3577 .·
451 3518 608 3579 scrinarii
623 3517 823 3595 respondent
831 3517 917 3579 sicut

118 3614 219 3690 prius.
234 3616 359 3676 Iterum
374 3615 631 3676 archidiaconus
646 3614 736 3686 dicit,
757 3616 917 3677 Salvator

118 3715 244 3785 mundi,
276 3712 382 3774 tribus
408 3712 555 3787 vicibus3
579 3712 752 3774 scrinariis
779 3713 914 3774 totidem

118 3809 242 3872 vicibus
255 3810 290 3872 ei
305 3810 590 3889 respondentibus,
608 3814 763 3873 Tettium
774 3814 912 3884 adeun

119 3907 156 3968 Et
166 3908 423 3970 archidiaconus
438 3908 528 3981 dicit,
544 3910 673 3971 scitota
684 3911 811 3980 Murio,
826 3908 913 3969 dua-

119 4002 176 4066 bus
196 4006 345 4068 vicibus:
360 4008 392 4069 et
407 4007 562 4069 scrinarii
574 4007 773 4085 respondent
787 4006 914 4068 duabus

119 4102 251 4177 vicibus,
273 4108 322 4167 Te
340 4109 436 4167 titum
455 4108 593 4178 edjtcw.
610 4105 734 4167 Deinde
751 4104 915 4166 archidia-

121 4214 217 4262 conus
238 4202 332 4275 dicit,
355 4203 480 4265 Sancte
500 4206 655 4275 Micionet
681 4202 807 4265 duabus
834 4202 915 4263 m'ci·

120 4295 200 4359 bus:
224 4299 383 4361 scrinarii
404 4300 607 4378 respondent
626 4301 753 4362 duabus
771 4300 911 4371 uicibus

122 4397 167 4456 Tu
197 4399 294 4459 ittam
324 4401 463 4471 werce.
493 4399 615 4460 Eodem
649 4400 746 4461 modo
774 4399 912 4470 dicitur,

122 4492 242 4555 Sancte
269 4497 423 4567 Gabriel,
450 4496 569 4557 soracte
594 4499 761 4570 nuptant,
790 4497 914 4556 euticie

155 4639 194 4714 (l)
213 4643 251 4700 La
262 4658 355 4703 messe
365 4643 401 4702 de
412 4644 514 4702 minuit
523 4645 658 4703 continue
668 4643 756 4701 d'etro
767 4641 899 4716 indiquie

122 4724 228 4795 comme
239 4714 345 4772 devant
357 4718 416 4773 etro
431 4712 561 4774 celebres
577 4730 628 4790 par
642 4716 669 4773 lo
684 4718 761 4787 Pape
776 4713 792 4772 a
806 4715 915 4772 Sainte-

122 4781 205 4841 itaue
216 4786 353 4860 Majeure,
368 4785 480 4860 malgre
493 4787 700 4859 l'iuteuuption
712 4803 746 4843 eu
755 4787 812 4859 [tiit
822 4785 858 4844 de
869 4793 915 4844 cet

121 4866 167 4911 usa
190 4870 206 4913 e
220 4856 321 4932 depuis
335 4859 443 4916 certain
458 4857 577 4915 nombre
592 4857 739 4917 d'auntes.

154 4928 163 4998 (
222 4929 341 4987 Aucunc
361 4928 490 4987 elirande
504 4928 577 4986 n’est
592 4928 776 4988 mentionnie
792 4927 911 5003 presen-

122 5001 222 5056 tement
234 5015 306 5073 pour
316 5001 343 5058 la
360 5014 455 5058 messe
468 5000 630 5073 pontiticale
643 5000 677 5057 de
690 5016 724 5058 ce
737 5000 801 5074 jour
809 5017 819 5072 3
840 5001 914 5058 mais

122 5080 155 5124 au
168 5069 419 5142 Sento-Bembina,
436 5073 488 5146 ily
507 5087 523 5130 a
546 5071 675 5129 odiendo
697 5079 761 5130 tous
780 5073 821 5130 les
838 5072 914 5129 deux

121 5151 169 5196 ans
179 5140 244 5199 d'un
259 5143 347 5201 calice
361 5150 389 5200 et
421 5149 500 5200 uatre
512 5142 635 5201 torches.

152 5210 180 5282 (3
220 5215 261 5271 La
283 5228 378 5272 messe
399 5159 437 5272 311
459 5214 520 5272 'our
540 5221 583 5272 est
597 5214 775 5272 maimonem
790 5209 913 5272 chantte

120 5295 166 5351 par
179 5212 205 5340 le
219 5286 297 5358 Pape
313 5284 329 5343 i
344 5286 371 5343 la
386 5230 525 5369 basiflique
536 5286 684 5368 Vaticana
832 5357 838 5368 Ι
882 5355 900 5368 ..

152 5352 193 5495 (αἳ
224 5356 266 5413 lta
279 5363 444 5414 constanter
457 5355 505 5415 luc
514 5372 662 5425 serenare,
677 5371 734 5414 nou
747 5357 910 5414 strictura.

152 5423 179 5496 (t
211 5426 390 5497 scriniarius,
417 5427 465 5499 qui
489 5429 518 5486 iu
542 5428 654 5485 scriniis
678 5428 837 5499 (uredines,
859 5428 909 5484 du-

119 5494 216 5576 reuae)
231 5512 349 5570 operam
359 5512 440 5556 suam
456 5498 530 5556 locat
540 5505 569 5556 ct
582 5500 729 5573 scriptoris
741 5501 819 5556 vices
832 5499 910 5571 agit:

119 5569 358 5695 &magnetica
367 5569 529 5639 creticiste,
538 5570 709 5643 generatim,
718 5571 843 5643 caeptope'
853 5584 913 5627 atta

975 1173 1062 1235 narii
1091 1173 1245 1236 similiter
1265 1175 1482 1252 respondent,
1504 1177 1612 1248 Kerte
1632 1178 1769 1236 eleison.

975 1271 1096 1332 lterum
1112 1272 1366 1334 archidiaconus
1381 1270 1471 1343 dicit,
1494 1274 1600 1346 Kerte
1619 1274 1771 1333 eleison:

975 1369 1130 1432 scrinarii
1150 1371 1360 1448 respondent,
1376 1372 1483 1444 Keria
1502 1372 1639 1432 eleison.
1659 1369 1770 1429 Tertio

974 1483 1053 1529 vero
1079 1468 1334 1530 archidiaconus
1363 1484 1437 1529 cum
1459 1466 1671 1537 diaconibus,
1696 1465 1770 1527 sub·

974 1565 1169 1629 diaconibus
1191 1567 1225 1630 et
1243 1566 1416 1628 scrinariis
1435 1582 1502 1627 una
1523 1580 1604 1627 voce
1636 1564 1767 1636 ilcunt,

972 1667 1079 1738 Kprte
1105 1668 1242 1727 eleison.
1281 1663 1401 1726 Finitis
1444 1663 1617 1734 laudibuS‚
1647 1661 1770 1738 legitur
1853 1722 1856 1729 ,

973 1761 1065 1839 prius
1087 1761 1192 1823 latina
1205 1761 1357 1840 epistola,
1374 1761 1408 1823 et
1421 1760 1627 1838 postmodum
1646 1774 1767 1836 graeca.

972 1859 1110 1938 Expleta
1137 1875 1217 1923 vero
1241 1860 1354 1931 missa,
1388 1857 1540 1920 domiuus
1564 1860 1654 1934 Papa
1678 1871 1770 1918 coro·

972 1958 1071 2020 natur
1085 1959 1126 2020 ad
1148 1958 1277 2036 portam
1298 1957 1403 2036 ipsius
1425 1956 1576 2019 ecolosiae
1598 1954 1640 2017 ab
1662 1953 1769 2015 archi·

971 2056 1123 2129 diacano,
1150 2072 1225 2117 cum
1250 2072 1317 2119 uno
1339 2056 1490 2126 diacono,
1516 2050 1666 2129 reditque
1694 2066 1769 2114 cum

972 2154 1183 2231 processione
1205 2154 1247 2214 ad
1275 2152 1446 2230 palatium.
1469 2154 1560 2211 Tunc
1578 2149 1709 2226 jndices
1737 2148 1770 2210 et

973 2251 1126 2312 advocati
1138 2249 1278 2311 veniunt
1291 2249 1322 2310 ei
1338 2248 1469 2310 obviam
1484 2246 1545 2307 sub
1561 2246 1718 2322 gradibus
1733 2247 1769 2307 in

973 2347 1103 2424 porticu
1115 2368 1123 2421 3
1133 2346 1245 2425 ibique
1259 2346 1351 2424 prior
1366 2344 1545 2407 cardinalis
1559 2344 1672 2406 Sancti
1688 2345 1770 2405 Lau-

973 2444 1072 2507 rentii
1087 2444 1167 2505 ioris
1182 2459 1323 2515 murum,
1340 2459 1413 2505 cum
1426 2440 1592 2520 judicibus
1607 2442 1641 2505 et
1660 2441 1768 2507 advo-

972 2542 1066 2612 catis,
1082 2541 1209 2603 iaciunt
1220 2542 1375 2604 etlaudes
1386 2563 1393 2601 :
1404 2541 1437 2603 et
1449 2540 1497 2602 ibi
1511 2540 1664 2601 dominus
1677 2542 1768 2617 Papa

970 2639 1150 2712 descendit,
1167 2640 1200 2701 et
1209 2638 1358 2717 deposito
1370 2654 1473 2715 regno
1487 2634 1608 2715 accipit
1622 2637 1765 2699 mitram.

970 2737 1095 2799 Deinde
1105 2737 1236 2815 judices
1251 2736 1374 2800 ducunt
1393 2752 1468 2798 eum
1483 2750 1586 2813 usque
1601 2736 1642 2799 ad
1657 2735 1766 2797 locum

969 2834 1074 2907 illum,
1100 2834 1158 2897 ubi
1179 2834 1277 2897 datur
1299 2833 1553 2913 presbyterium.
1574 2835 1665 2895 Tunc
1686 2848 1766 2895 vero

969 2933 1095 2995 exuunt
1113 2950 1189 2995 eum
1203 2933 1347 3011 planeta,
1364 2932 1398 2995 et
1417 2932 1568 3010 apposito
1587 2931 1699 2993 manto
1714 2946 1767 2991 su·

969 3047 1029 3109 per
1042 3031 1195 3109 scapulas
1219 3030 1311 3094 sedet
1319 3030 1355 3092 iu
1375 3029 1571 3092 tonstatorio
1590 3026 1646 3109 (ut.
1663 3027 1767 3090 soste-

969 3127 1087 3209 storio)
1106 3144 1166 3191 seu
1187 3129 1356 3200 cathedra,
1382 3128 1416 3189 et
1436 3128 1577 3203 largitur
1600 3125 1767 3204 presbyte-

968 3228 1056 3289 rium
1079 3227 1206 3289 cunctis
1226 3226 1397 3288 ordinibus
1418 3224 1553 3301 propria
1577 3239 1678 3284 manu
1693 3220 1767 3284 tali·

968 3324 1039 3482 mit.
1049 3423 1089 3481 ut
1098 3420 1134 3480 in
1146 3417 1261 3480 eadem
1268 3417 1320 3478 die
1327 3415 1506 3487 Adventus
1514 3414 1601 3476 idem
1612 3414 1766 3476 dominus

970 3520 1061 3594 Papa
1084 3515 1193 3593 pergit
1221 3514 1263 3575 ad
1287 3513 1463 3576 stationem
1485 3514 1617 3576 Sanctae
1649 3513 1766 3576 Mariae

970 3615 1119 3694 Majoris.
1137 3616 1173 3676 lu
1189 3612 1333 3675 secunda
1354 3628 1434 3675 vero
1454 3611 1619 3675 dominica
1633 3611 1767 3675 Adven-

969 3714 1022 3776 tus
1035 3716 1125 3790 Papa
1138 3711 1229 3775 vadit
1250 3710 1292 3774 ad
1307 3710 1483 3774 stationem
1495 3712 1624 3774 Sanctae
1638 3710 1764 3774 Crucis.

971 3815 1007 3873 In
1031 3810 1166 3873 sabbato
1182 3811 1223 3872 de
1238 3808 1389 3871 caineto
1411 3809 1520 3887 pergit
1544 3809 1586 3871 ad
1609 3826 1766 3888 vesperas

969 3909 1010 3970 ad
1027 3909 1183 3971 Sanctum
1199 3908 1345 3980 Petrum,
1363 3906 1419 3967 ubi
1441 3906 1594 3969 domiuus
1609 3910 1701 3986 Papa
1716 3908 1766 3969 ei-

969 4009 1042 4071 dem
1066 4006 1257 4085 primicerio
1281 4005 1508 4068 adnuntiando
1536 4005 1763 4083 antiphonam,

967 4107 1067 4168 leste
1079 4106 1114 4167 et
1123 4109 1182 4180 pte
1195 4108 1365 4177 uiuentes,
1386 4103 1443 4166 dat
1457 4120 1560 4164 unum
1584 4103 1766 4164 maraboti-

969 4219 1049 4265 num
1064 4201 1111 4281 (6)
1127 4203 1201 4264 vice
1222 4203 1328 4279 ipsius
1352 4201 1543 4280 projiciens.
1570 4200 1632 4264 Ubi
1654 4202 1765 4264 autem

969 4301 1122 4364 dominus
1138 4302 1228 4376 Papa
1243 4298 1340 4361 debet
1353 4299 1475 4371 lacere,
1492 4301 1525 4361 et
1537 4298 1663 4375 vigiliis
1677 4299 1766 4360 inte-

963 4415 1071 4471 resse,
1097 4398 1130 4460 et
1144 4397 1255 4459 omnia
1270 4397 1337 4457 alia
1352 4396 1398 4457 ibi
1414 4396 1493 4457 lacit
1507 4397 1539 4457 et
1553 4396 1672 4472 recipit
1690 4411 1765 4456 cum

969 4496 1153 4561 camerario
1169 4494 1202 4556 et
1215 4492 1428 4563 cancellario,
1454 4493 1540 4552 sicut
1553 4491 1694 4552 interius
1713 4491 1766 4552 di-

1004 4646 1044 4717 (6)
1066 4642 1260 4703 biarabotinus
1294 4641 1339 4698 voi
1367 4639 1564 4710 marboneos,
1590 4641 1761 4700 marabotin.

969 4716 1115 4790 Alpbonse
1128 4717 1155 4774 le
1166 4716 1252 4789 Saga,
1265 4713 1359 4771 disent
1373 4714 1415 4770 les
1429 4712 1592 4782 historiens,
1607 4712 1648 4770 lut
1661 4714 1688 4770 le
1699 4729 1764 4787 pre·

969 4790 1041 4846 mier
1056 4787 1154 4861 prince
1170 4782 1297 4844 obreticn
1318 4785 1365 4858 qui
1380 4782 1479 4859 irappa
1495 4799 1531 4841 en
1554 4787 1689 4859 Espaguc
1707 4800 1765 4843 une

969 4860 1103 4919 mouneie
1117 4858 1186 4917 d’or.
1200 4860 1279 4917 Cette
1294 4857 1437 4926 monnaie,
1453 4855 1571 4929 appeldc
1593 4855 1763 4926 marabotin,

969 4939 1013 4989 ost
1026 4946 1083 4989 une
1095 4928 1232 4988 veritable
1245 4926 1325 5002 piene
1336 4928 1432 4997 arabe,
1444 4927 1516 4985 dans
1526 4927 1647 5000 laquelle
1661 4928 1702 4984 les
1712 4926 1766 4985 ior·

969 5003 1061 5061 mules
1081 5000 1263 5060 chrttieuncs
1282 5006 1333 5057 ont
1346 4996 1489 5073 temptate
1510 5000 1536 5056 la
1557 4996 1680 5072 legende
1699 5012 1762 5056 mu·

969 5074 1114 5144 sulmane;
1139 5072 1213 5129 mais
1235 5071 1263 5128 ia
1281 5070 1388 5144 langue
1404 5071 1489 5128 arabe
1513 5070 1669 5145 ydomine.
1686 5069 1765 5151 Gettc

969 5146 1109 5202 imitation
1123 5141 1241 5215 penetra
1260 5140 1393 5214 jusqu’en
1413 5144 1532 5210 Franco,
1546 5139 1562 5200 b
1578 5141 1730 5208 Toulouse,
1748 5154 1763 5196 a

969 5215 1164 5343 Mouffellicr:
1181 5214 1257 5271 saint
1272 5214 1357 5270 Leuis
1371 5220 1400 5269 et
1412 5214 1438 5270 le
1453 5216 1529 5284 Pape
1544 5227 1576 5270 sc
1588 5213 1680 5269 virent
1690 5210 1761 5268 obli·

991 5286 1022 5344 ts
1061 5283 1262 5358 ereprocber,
1278 5283 1336 5340 l'un
1360 5281 1376 5340 a
1396 5299 1449 5340 son
1474 5282 1547 5341 llere
1569 5282 1715 5354 Alpbonse
1736 5288 1765 5335 et

968 5302 1068 5417 §autre
1081 5354 1097 5413 b
1111 5372 1150 5413 un
1165 5355 1274 5427 eaeque
1287 5354 1529 5427 deblagucloune,
1544 5352 1579 5432 dc
1592 5353 1692 5407 taisson
1701 5350 1765 5413 sub·

969 5431 1052 5489 sister
1066 5429 1092 5486 le
1105 5442 1170 5485 nom
1187 5426 1223 5484 de
1235 5424 1380 5484 biabomet
1394 5440 1443 5483 sur
1456 5423 1508 5480 des
1520 5423 1615 5494 piceos
1633 5417 1765 5492 irapptcs

970 5516 1020 5575 par
1036 5500 1087 5559 des
1101 5497 1255 5557 chritiens.
