3936 6182
215 620 573 748 HONORII
633 623 736 746 ΙΙΙ
796 618 1274 747 PONTIFIGIS
1335 617 1673 746 ΒΟΜΑΝΙ
1742 608 1745 613 ⁴

551 946 1347 1187 sunnonis

474 1384 595 1472 PER
640 1381 860 1472 lellus
905 1382 1055 1471 ANNI
1103 1382 1427 1474 CIRCULUM

194 1672 317 1736 QUOS
351 1670 642 1732 EXCERPSIT
672 1670 703 1728 E
738 1667 919 1728 CODICE
952 1665 1315 1728 MANUSCRIPTO
1349 1669 1711 1732 ClSTERCIENSI

619 1900 657 1959 n.
689 1895 1009 1958 ninnenuuus
1041 1867 1286 1956 ΒΟΤΤΙΝΟ

536 2058 755 2121 Procurator
775 2057 949 2134 peueruiis
970 2057 1109 2117 Ordinis
1130 2056 1368 2119 cisterciensis

430 2276 472 2334 ln
503 2287 656 2334 maium
688 2285 899 2333 convnnnu
929 2272 1085 2334 Snncnu,
1107 2270 1330 2341 Bnnnnnm,
1362 2272 1481 2334 Roma

516 2456 637 2514 NUNC
673 2455 852 2512 PRIMUM
889 2456 936 2511 IN
973 2454 1127 2512 LUGEM
1164 2455 1399 2513 PRODEUNT

1026 3017 1166 3079 sedente
1176 3018 1287 3078 aulem
1297 3032 1337 3079 eo
1349 3019 1780 3095 supermontemOIivarum

524 3122 543 3207 Ι
985 3118 1100 3177 eontra
1114 3115 1284 3191 templum,
1297 3115 1671 3191 interrogaverunteum
1683 3137 1783 3199 sepa-

986 3213 1085 3274 ratim
1099 3212 1218 3274 Petrus
1228 3212 1261 3273 ei
1270 3211 1582 3283 Andreasiaeohus
1594 3216 1782 3282 elloannes

293 3348 347 3409 DE
366 3346 565 3408 ADVENTU
589 3344 729 3407 SERMO
750 3344 776 3403 Ι.
854 3344 858 3351 -
987 3310 1154 3371 dieentes:
1169 3309 1351 3385 Maplsier,
1373 3311 1428 3370 die
1447 3313 1545 3372 uobis
1562 3317 1784 3385 quandonam

987 3407 1103 3479 erum,
1128 3407 1163 3468 et
1191 3409 1280 3479 quod
1303 3409 1443 3482 sianum
1470 3410 1640 3473 adventus
1666 3412 1717 3475 tui
1749 3417 1784 3478 et

176 3507 293 3570 Erunt
319 3509 420 3584 mona
445 3508 483 3568 iu
505 3509 576 3566 soie
601 3504 635 3565 et
658 3508 740 3565 luna
765 3502 799 3563 ei
828 3501 935 3562 stellis
987 3504 1424 3566 eemummutrourseaeeulr
1438 3502 1669 3584 (Matinum,
1684 3509 1730 3590 3).
1744 3512 1784 3575 nt

667 3597 761 3679 (Luc.
777 3614 849 3671 xm,
864 3596 931 3677 25).
988 3600 1147 3663 Dominus
1161 3601 1249 3663 inter
1265 3601 1387 3663 caetera
1406 3601 1492 3665 dixit
1510 3603 1559 3665 eis
1582 3605 1685 3669 verba
1705 3608 1782 3683 ista,

176 3703 333 3780 Legimus
346 3701 381 3761 in
403 3696 632 3777 superioribus
648 3695 803 3774 capitulis
818 3699 932 3757 Evan—
989 3715 1062 3777 quae
1075 3699 1215 3761 audistis
1227 3714 1271 3760 ex
1284 3699 1426 3761 lectione
1447 3703 1642 3778 Evangelii:
1664 3708 1785 3770 Erunt

139 3800 213 3876 gelli
225 3799 318 3879 quod
333 3797 504 3869 Dominus
520 3794 826 3867 vidensciviiaiem,
843 3793 935 3855 flevit
987 3800 1135 3873 manain
1146 3798 1259 3859 soieet
1270 3798 1520 3862 luuaetateilia.
1530 3802 1569 3862 In
1580 3818 1646 3880 quo
1657 3804 1782 3866 noian-

141 3912 235 3976 super
244 3898 345 3959 illam
366 3896 501 3957 dicens:
518 3896 604 3963 Qum
622 3896 654 3955 si
667 3896 885 3969 coenovissee
900 3892 935 3953 et
989 3894 1066 3956 dum
1081 3894 1230 3973 estquod
1249 3895 1409 3957 Dominus
1421 3897 1529 3974 prime
1544 3899 1701 3976 praedixit
1710 3902 1785 3963 rui·

145 3994 280 4075 lu(Lue.
303 4009 377 4066 xix,
393 3992 458 4073 42).
481 3991 802 4067 Subintelligendum
815 3992 885 4053 est:
902 3990 935 4051 et
989 4009 1066 4054 nam
1083 3992 1227 4055 civitatis
1249 3993 1283 4054 ei
1304 3991 1382 4054 inde
1401 3994 1534 4055 ruinam
1557 3995 1687 4072 templi,
1705 4013 1785 4075 pos-

144 4092 177 4154 tu
189 4093 285 4156 fieres
299 4092 387 4154 sicui
396 4093 430 4153 ei
443 4106 515 4166 ego.
531 4089 639 4151 Flevit
651 4088 810 4150 Dominus
825 4087 936 4149 homi·
988 4092 1094 4152 tremo
1132 4090 1234 4152 totius
1265 4089 1396 4158 mundi,
1431 4092 1469 4153 ut
1509 4106 1570 4152 nes
1609 4109 1652 4154 ex
1682 4096 1782 4157 ruina

144 4189 246 4253 eidam
258 4190 440 4261 civilatem,
459 4190 492 4250 et
513 4186 668 4264 praedixii
688 4186 720 4247 ei
735 4186 868 4246 ruinam
882 4201 936 4245 su·
989 4185 1338 4264 minerum,p0ssimus
1350 4189 1671 4261 agnoscereruinam
1682 4194 1784 4269 majo·

145 4290 374 4363 peruenturam
406 4285 540 4364 propter
567 4283 787 4360 iniquitatem.
809 4282 935 4344 Deinde
989 4300 1075 4355 num,
1089 4284 1122 4344 ei
1135 4298 1179 4343 ex
1192 4282 1290 4344 ruina
1299 4297 1492 4360 paucerum,
1505 4285 1636 4345 ruinam
1649 4287 1784 4350 univer·

145 4384 310 4461 ingressus
343 4384 394 4446 esi
422 4382 581 4458 templum
613 4381 647 4442 ei
678 4380 778 4456 coepii
813 4378 935 4456 ejicere
990 4396 1114 4441 sorum.

145 4483 321 4545 uendentes
347 4481 380 4544 ei
404 4480 562 4542 ementes
585 4477 626 4539 Ei
650 4492 784 4553 egresso
810 4475 869 4537 illo
895 4476 936 4537 de
1030 4480 1109 4539 Heee
1123 4477 1233 4538 autem
1253 4475 1379 4536 ideirco
1393 4475 1552 4547 diximus,
1576 4478 1655 4556 quia
1677 4480 1785 4545 solent

145 4579 271 4657 templo,
286 4579 337 4642 ait
351 4594 436 4639 unus
450 4594 494 4641 ex
508 4574 680 4652 discipulis
693 4578 785 4652 ejus:
799 4576 935 4650 Mupis-
990 4573 1142 4636 nonnulli
1163 4587 1313 4651 quaerere
1335 4587 1398 4648 quo
1410 4572 1569 4649 ,tempore
1593 4574 1665 4638 haee
1688 4579 1785 4655 signa

148 4675 208 4745 ier,
229 4681 345 4753 aspice
358 4681 475 4751 pridies
492 4677 621 4749 lapides
635 4677 666 4735 ei
682 4675 798 4746 quales
821 4671 938 4732 strue
990 4672 1101 4734 sutura
1114 4670 1191 4742 sini,
1206 4670 1316 4731 utrum
1326 4666 1455 4731 medico
1467 4671 1544 4732 anie
1559 4670 1645 4734 diem
1652 4676 1783 4753 judicii,

148 4772 233 4837 iuroe
252 4773 371 4856 (Marc.
395 4788 470 4845 xm,
494 4771 538 4851 1).
566 4773 605 4833 nt
631 4770 700 4848 ipse
731 4769 936 4846 respondens
991 4786 1033 4831 an
1048 4769 1145 4845 longe
1160 4768 1238 4829 anie
1252 4767 1339 4828 diem
1345 4766 1476 4845 judicii.
1491 4769 1542 4830 Ad
1560 4770 1646 4849 quod
1666 4773 1785 4837 dieen-

148 4867 247 4933 dixii:
272 4876 372 4934 Vides
389 4875 452 4934 dus
473 4883 592 4931 omues
610 4883 757 4944 maenas
781 4868 935 4939 wulricu-
991 4868 1068 4928 dum
1081 4869 1142 4938 est,
1159 4866 1237 4944 quia
1247 4865 1406 4927 Dominus
1421 4867 1572 4944 quaedam
1587 4869 1684 4947 signa
1697 4889 1787 4949 prae-

149 4967 252 5032 ilonea
266 4973 370 5034 iNou
393 4971 604 5041 reliupaelur
617 4969 704 5040 lupis
717 4980 827 5039 supra
844 4967 935 5037 lupi·
991 4962 1076 5026 dixit
1102 4963 1335 5025 destructionis
1367 4965 1552 5026 Jerusalem
1583 4969 1617 5030 et
1645 4970 1784 5046 Templi,

150 5065 232 5138 dem,
256 5069 315 5141 qui
334 5081 404 5128 nou
425 5064 630 5127 destineatur
654 5060 771 5141 (Marc.
797 5060 934 5140 xn1‚2).
992 5061 1142 5140 quaedam
1159 5059 1262 5122 futuri
1272 5060 1402 5138 judieii.
1428 5062 1530 5139 Signa
1551 5064 1786 5131 destructionis

149 5160 223 5224 fleo
234 5166 343 5226 autem
358 5162 419 5224 sub
433 5161 506 5224 Tito
523 5161 556 5224 et
569 5159 776 5236 Vespasiano
790 5159 938 5251 impera7
990 5158 1176 5223 Jerusalem
1200 5158 1233 5221 ei
1245 5158 1384 5235 Templi,
1399 5160 1485 5221 sieut
1499 5160 1620 5237 legitur
1631 5161 1665 5222 in
1676 5164 1787 5225 Euan-

150 5255 270 5323 ienibus
292 5260 456 5338 completa
477 5260 564 5331 suni,
585 5257 717 5336 quande
739 5272 805 5318 non
830 5256 936 5318 solum
991 5257 1079 5333 gelid
1091 5255 1260 5319 Matthaei:
1277 5259 1363 5318 Cum
1381 5258 1540 5318 videritis
1555 5259 1785 5322 abominatio-

150 5353 311 5434 iemplum,
326 5357 496 5420 sedetiam
511 5356 580 5419 tota
597 5353 715 5417 ciuitas
726 5353 875 5415 funditus
888 5354 938 5415 est
991 5369 1072 5416 uem
1083 5355 1311 5425 desomnem,
1325 5368 1402 5428 paca
1415 5354 1506 5415 urere
1522 5355 1575 5415 est
1597 5370 1620 5417 a
1642 5358 1786 5421 Daniele

151 5449 329 5517 destructa.
353 5457 445 5516 Tune
466 5454 556 5515 enim
579 5452 692 5513 multis
708 5449 855 5511 millibus
871 5453 936 5513 Ju-
991 5452 1167 5527 Propheta
1177 5451 1329 5529 stantem
1340 5454 1379 5511 iri
1397 5452 1620 5513 locosancto:
1634 5455 1692 5526 pul
1705 5456 1788 5531 leudi

151 5546 291 5613 daeorum
315 5552 509 5624 interiectis,
523 5550 636 5613 caeteri
651 5550 686 5611 in
711 5548 937 5625 captivitatem
993 5549 1158 5624 interimat
1172 5546 1289 5627 (Malli.
1304 5562 1399 5618 xxiv,
1419 5547 1476 5621 153
1500 5548 1602 5609 Mare.
1618 5563 1694 5616 mu,
1720 5551 1785 5632 14),

153 5643 276 5711 deducti
291 5652 377 5713 suni.
992 5646 1078 5709 idest
1091 5660 1166 5707 cum
1176 5643 1326 5706 videritis
1339 5643 1594 5706 abominabilem
1608 5646 1787 5724 imaginem

287 5825 401 5870 numen.
421 5823 495 5868 naun
512 5812 534 5868 l.
1600 5807 1645 5865 20.
