3936 6182
211 321 272 383 495
831 320 1008 383 HONORII
1029 320 1073 382 III
1095 321 1243 383 OPERA.
1803 328 1861 388 teo

214 481 279 557 ipsi
295 482 429 545 domino
445 487 544 562 Papae
557 498 617 562 per
629 486 701 562 ejus
714 480 862 544 subditos
873 483 945 559 jaun
960 479 1012 543 le-
1064 478 1144 543 dare
1156 482 1339 543 teneamur.
1354 483 1418 543 Pro
1431 496 1497 558 quo
1513 480 1634 543 damno
1653 481 1683 543 si
1702 483 1860 547 acciderit

214 579 385 651 rimosis
406 581 684 659 omnibusetper
702 580 813 642 omnia
833 579 1012 641 conflrma—
1064 578 1097 639 et
1120 576 1305 654 subscripta
1335 592 1443 654 prena,
1476 578 1506 638 si
1533 577 1725 652 incidimus,
1751 582 1859 643 omnia

214 693 299 737 mus.
317 679 482 741 Praeterea
495 679 643 741 cedimus
655 680 689 741 et
705 679 900 741 mandamus
916 677 1011 739 robis
1064 676 1177 739 nostra
1204 675 1305 746 bona,
1340 691 1415 752 qum
1448 674 1621 749 habemus,
1651 676 1802 749 ubilibet,
1827 681 1861 741 et

215 774 371 850 predicto
382 775 515 837 domino
528 778 618 854 Papa
627 777 661 838 et
670 776 741 836 suis
749 774 1007 847 successoribus,
1063 772 1268 845 babebimus,
1301 773 1395 836 vobis
1411 788 1473 850 pro
1500 773 1589 835 dicto
1614 773 1752 835 domino
1772 778 1858 853 Papa

215 872 252 933 ut
273 870 472 946 dictumest,
497 874 728 951 procuratorio
746 874 891 945 nomine,
912 887 1010 934 omne
1064 872 1097 934 et
1110 871 1180 933 suis
1195 869 1442 933 successoribus
1459 870 1659 947 obligamus,
1680 874 1715 935 et
1726 888 1787 950 pro
1800 889 1860 935 no-

210 971 268 1045 Jus
307 970 340 1031 ot
371 974 502 1032 omnem
538 972 703 1033 actionem
736 971 946 1049 personalem
977 972 1011 1034 et
1063 968 1114 1031 bis
1135 970 1169 1033 et
1188 969 1312 1033 nostris
1337 967 1517 1033 heredibus
1548 970 1581 1032 et
1611 969 1858 1031 successoribus

214 1066 250 1126 in
263 1083 344 1137 rem,
359 1070 427 1129 tam
442 1069 543 1130 etiam
558 1069 599 1130 ad
614 1067 791 1146 agendum,
808 1085 907 1146 quam
922 1068 1011 1131 exci·
1063 1066 1216 1144 precario
1236 1064 1444 1144 possidemus
1465 1082 1485 1129 a
1507 1065 1596 1128 dicto
1615 1066 1752 1128 domino
1772 1069 1858 1145 Pa'pa

214 1164 381 1241 piendum,
395 1165 493 1243 quod,
508 1182 648 1245 quamve
662 1166 696 1227 in
711 1166 1011 1245 omnibuspraedic·
1063 1165 1097 1227 et
1121 1164 1383 1227 successoribus.
1420 1165 1503 1227 Item
1535 1164 1633 1227 tactis
1654 1166 1858 1227 sacrosancti

213 1263 257 1323 tis
272 1263 465 1339 pignoribus
480 1263 652 1337 habemus
671 1266 704 1326 et
718 1265 877 1326 adversus
898 1281 1011 1342 quam·
1064 1262 1254 1338 evangeliis
1276 1264 1429 1339 juramus
1455 1262 1489 1325 et
1509 1262 1748 1340 promittimus,
1771 1263 1859 1323 nullo

214 1376 354 1438 cumque
369 1377 544 1438 personam
563 1362 755 1424 eorumdem
769 1364 924 1441 respectu
942 1363 1009 1424 ha·
1064 1375 1210 1437 unquam
1223 1360 1259 1423 in
1271 1361 1420 1438 tempore
1432 1359 1508 1438 plus
1522 1361 1575 1422 vel
1588 1363 1752 1437 majorem
1765 1376 1856 1421 sum-

213 1457 292 1519 bere
316 1475 446 1537 quoquo
468 1460 564 1522 modo
580 1477 762 1538 possemus.
787 1462 836 1522 Ita
855 1462 891 1522 ut
913 1460 1011 1538 quid-
1063 1474 1151 1519 mam
1162 1458 1275 1535 petere
1290 1456 1355 1536 ipsi
1375 1456 1508 1519 domino
1521 1460 1622 1534 Papae
1636 1459 1670 1520 et
1689 1458 1762 1518 suis
1786 1474 1859 1519 suo-

214 1556 292 1632 quid
321 1573 425 1634 usque
450 1558 547 1619 modo
573 1560 688 1621 nostro
712 1562 790 1636 jure
818 1560 851 1621 ot
875 1560 1012 1622 nomine
1063 1555 1262 1627 sessoribus,
1281 1556 1335 1619 rel
1355 1554 1512 1617 Ecclesiae
1530 1557 1707 1631 Romanam
1726 1557 1760 1617 et
1778 1555 1860 1617 hanc

214 1670 314 1728 agere
338 1655 393 1716 rel
418 1657 573 1732 excipere
597 1672 780 1733 possemus,
805 1672 865 1718 ros
890 1656 1010 1719 amodo
1063 1653 1307 1727 refutationem,
1323 1653 1442 1731 etquee
1461 1652 1550 1715 dicta
1567 1654 1645 1715 sunt
1665 1654 1782 1715 omnia
1804 1653 1861 1715 ob-

214 1752 388 1812 nomineet
396 1753 632 1829 jurepraedicti
643 1754 767 1815 domini
778 1757 878 1832 Papae
889 1754 1007 1831 agatis,
1064 1766 1210 1824 servare,
1225 1750 1258 1813 et
1271 1751 1386 1813 contra
1401 1765 1442 1812 ea
1461 1766 1570 1827 neque
1589 1751 1721 1812 ratione
1736 1751 1858 1828 decep-

216 1848 249 1908 et
262 1849 447 1924 excipiatis,
462 1852 494 1912 et
505 1850 623 1913 ututili
636 1851 798 1913 etdirecta
809 1853 943 1930 possitis
952 1868 1012 1915 ao-
1063 1846 1176 1920 tionis,
1197 1863 1304 1925 noque
1325 1847 1464 1910 minoris
1481 1848 1607 1920 aetads,
1631 1850 1794 1925 quantum
1816 1848 1856 1908 ad

214 1945 304 2006 tione
320 1945 501 2019 intendere,
523 1964 582 2009 ros
601 1949 636 2010 in
659 1964 697 2011 re
716 1949 866 2027 praedicti
884 1950 1010 2015 domini
1064 1961 1118 2009 me
1147 1946 1366 2009 Rainuocium
1389 1945 1544 2023 pertinet,
1578 1961 1640 2007 nec
1662 1946 1764 2008 aliter
1792 1944 1858 2007 ullo

214 2044 314 2120 Papae
333 2045 581 2121 procuratorem
604 2045 754 2111 tacimus
783 2050 876 2109 Hanc
900 2048 1010 2109 autem
1065 2043 1162 2107 modo
1173 2043 1299 2107 venire.
1316 2044 1357 2106 at
1373 2043 1564 2121 specialiter
1581 2059 1643 2120 ego
1658 2043 1860 2105 Rainuccius

214 2140 458 2215 refutationem,
481 2144 603 2221 atquae
622 2144 710 2209 dicta
729 2146 807 2207 sunt
818 2145 930 2207 omnia
950 2162 1013 2208 vo-
1061 2145 1150 2219 Juro,
1166 2157 1209 2203 ex
1222 2157 1286 2219 quo
1301 2141 1483 2218 legitimam
1495 2141 1614 2218 viginti
1630 2141 1780 2219 quinque
1798 2157 1861 2203 au·
1953 2180 1954 2183 =

213 2238 276 2309 bis,
291 2240 328 2302 ut
339 2240 533 2313 dictumest,
550 2241 691 2303 tacimus
703 2258 763 2320 pro
778 2258 829 2313 eo,
843 2243 930 2321 quod
951 2260 1011 2305 ros
1065 2255 1183 2302 norum
1207 2240 1339 2301 aetatem
1360 2239 1523 2312 habuero,
1547 2239 1765 2313 confirmare,
1791 2240 1820 2300 si
1841 2255 1860 2300 a

215 2353 275 2413 pro
287 2338 360 2415 ipso
372 2338 506 2401 domino
519 2342 621 2417 Papa,
637 2341 670 2407 et
684 2358 727 2403 ex
736 2357 798 2403 suo
809 2342 960 2419 argento,
975 2343 1012 2404 ut
1065 2337 1153 2400 dicto
1174 2337 1307 2401 domino
1331 2339 1434 2414 Papa,
1456 2338 1491 2400 et
1514 2337 1584 2401 suis
1609 2337 1859 2399 successoribus

218 2434 341 2496 dictum
376 2437 445 2510 est,
482 2438 713 2515 procuratorio
746 2440 898 2512 nomine,
920 2440 1011 2503 ’mihi
1066 2435 1230 2498 excitatus
1250 2449 1320 2496 ero.
1347 2434 1537 2496 Novissime
1564 2434 1677 2496 autem
1711 2436 1781 2497 tam
1801 2449 1859 2512 pro

218 2532 335 2593 Miloni
347 2548 407 2610 pro
421 2534 610 2607 medietate,
625 2537 658 2598 et
671 2536 755 2597 mihi
769 2537 963 2610 Rainuccio,
979 2539 1012 2601 et
1065 2532 1172 2606 nobis,
1196 2547 1294 2611 quam
1309 2547 1369 2610 pro
1390 2532 1515 2595 nostris
1529 2530 1709 2595 heredibus
1733 2531 1767 2594 et
1788 2548 1861 2593 suo-
1953 2582 1954 2585 ,

215 2628 303 2690 dicto
315 2629 412 2691 tratri
428 2632 461 2692 et
474 2631 622 2693 curatori
634 2648 707 2693 meo
728 2648 789 2710 pro
807 2650 860 2697 me
879 2651 938 2713 pro
959 2634 1013 2697 al-
1066 2631 1266 2703 sessoribus,
1281 2629 1376 2691 vobis
1388 2645 1448 2707 pro
1461 2629 1549 2693 dicto
1570 2629 1704 2691 domino
1722 2632 1813 2707 Papa
1827 2632 1858 2692 et
1953 2632 1954 2711 j

215 2727 287 2786 tera
308 2726 495 2800 medietate,
518 2728 650 2791 decreto
670 2730 902 2807 praediotorum
919 2733 1013 2810 judi·
1066 2729 1136 2790 suis
1151 2727 1398 2790 successoribus
1412 2728 1446 2788 et
1459 2728 1528 2790 tota
1542 2729 1693 2789 Romana
1714 2727 1858 2789 Ecclesia

216 2839 292 2884 cum
322 2826 481 2901 quantum
494 2825 535 2886 ad
550 2827 737 2905 portionem
753 2829 818 2890 mei
838 2830 1012 2892 Rainuccii
1066 2827 1153 2889 hanc
1167 2826 1411 2899 refutationem,
1428 2826 1462 2889 et
1482 2841 1556 2902 quae
1578 2824 1667 2887 dicta
1689 2826 1778 2898 sunt,
1792 2841 1860 2886 om·

217 2922 372 2999 pertinet,
401 2922 551 2994 redditis,
582 2922 680 2998 datis,
706 2926 805 3004 atque
823 2928 1012 3004 persolvitis
1065 2925 1123 2987 nia
1135 2924 1314 2986 observare
1325 2923 1358 2985 et
1368 2922 1551 3001 adimplere
1562 2923 1787 3000 promittimus
1801 2921 1856 2983 sub

216 3018 407 3094 praelibatas
428 3021 561 3081 centum
578 3020 698 3097 viginti
720 3023 865 3100 quinque
882 3039 1012 3086 marcas
1067 3022 1153 3085 dicto
1164 3021 1365 3100 jnramento,
1382 3021 1415 3084 et
1428 3019 1490 3082 sub
1505 3036 1603 3098 poena
1614 3021 1799 3099 supradicti
1811 3035 1857 3081 ar·

217 3116 357 3191 argenti.
385 3119 432 3178 Ilo
460 3116 581 3195 quibus
608 3119 772 3187 omnibus,
801 3121 896 3183 etde
922 3123 1012 3184 omni
1065 3119 1156 3196 genti
1179 3134 1316 3181 summae
1340 3118 1460 3196 dupla:
1480 3119 1514 3181 et
1534 3119 1645 3181 solute
1668 3134 1768 3195 poena
1791 3118 1857 3180 bac

217 3214 415 3292 nostrojure
431 3217 541 3289 sortis,
554 3216 720 3279 fructuum
732 3220 764 3279 et
774 3235 963 3293 usurarum,
980 3222 1013 3283 et
1066 3216 1217 3280 chartula
1239 3216 1335 3278 firma
1358 3217 1562 3294 permaneat.
1586 3218 1691 3288 Quam
1715 3216 1855 3278 scribere

217 3313 325 3374 omnis
351 3330 476 3386 cansae,
502 3331 563 3376 nos
588 3314 672 3378 beno
693 3317 822 3395 quietos
841 3333 1010 3389 vocamus,
1066 3331 1222 3393 rogamus
1244 3314 1431 3378 iohannem
1449 3314 1571 3377 Leonis
1588 3314 1802 3376 scriniarium
1823 3313 1855 3373 in
1953 3340 1954 3343 ¹

216 3412 249 3472 et
272 3427 338 3472 non
363 3412 479 3474 solutae
494 3414 643 3490 pecuniae
662 3415 716 3476 rel
739 3416 869 3492 argenti
888 3432 1013 3494 excep·
1070 3428 1183 3476 mense
1195 3415 1228 3476 et
1241 3412 1421 3474 indictione
1434 3412 1660 3489 suprascripta
1673 3414 1723 3475 13.

217 3508 341 3569 tionem
356 3510 696 3573 omninorelutamus.
712 3515 758 3573 De
778 3513 896 3590 qrribus
911 3515 1012 3576 etiam
1106 3514 1225 3578 Petrus
1249 3514 1453 3575 Sarracenos
1472 3509 1599 3575 domini
1620 3512 1721 3587 Papae
1742 3525 1853 3571 senes-

217 3605 337 3679 riginti
367 3606 470 3667 libras
502 3608 702 3669 Lucensium
738 3610 871 3686 Sophiae
904 3612 1012 3673 sorori
1067 3609 1313 3682 celeusmatis.

218 3703 340 3763 nostrae
355 3703 525 3775 solvimus,
543 3720 624 3782 quas
639 3721 682 3766 ex
695 3705 907 3783 hocargento
919 3711 1013 3785 pater
1106 3709 1225 3770 Petrus
1251 3709 1456 3769 sarracenus
1480 3704 1645 3771 iohannis
1671 3702 1854 3775 scriniarii,

218 3799 299 3859 olim
315 3800 428 3860 noster
442 3799 477 3859 in
492 3816 553 3861 suo
577 3801 774 3864 testamento
794 3803 917 3866 dudum
939 3806 1013 3868 dari
1066 3806 1172 3868 testis.

217 3895 386 3974 praecepit.
410 3896 552 3974 Ideoque
578 3898 697 3959 amodo
720 3898 830 3961 dietus
859 3902 1013 3966 dominus
1106 3902 1369 3966 Bartholomaeus
1384 3900 1424 3961 de
1438 3900 1583 3969 Verulis,
1598 3900 1705 3963 testis.

217 3995 309 4070 Papa
327 3995 360 4056 et
372 3994 442 4058 tota
457 3988 605 4055 Romana
631 3995 780 4057 Ecclesia
795 3998 906 4075 quiete
925 4017 1014 4063 sem·
1105 4000 1277 4064 lohannes
1287 3998 1450 4075 Gregorii,
1465 3998 1571 4060 testis.

217 4106 278 4166 per
291 4090 325 4152 et
338 4089 476 4167 pacilice
488 4106 531 4152 ex
547 4091 611 4153 hac
625 4107 727 4154 causa
744 4099 947 4171 permaneat.
964 4100 1012 4161 Ad
1106 4094 1330 4168 Bellusbomo,
1346 4095 1452 4157 testis.

218 4186 291 4249 haec
315 4187 425 4250 autem
447 4188 669 4266 promittimus
693 4190 798 4264 vobis,
826 4194 863 4256 ut
889 4195 1012 4259 dictum
1107 4214 1175 4287 Ego
1195 4210 1365 4276 Johannes
1387 4209 1519 4282 Leonis,
1546 4210 1770 4271 sacrosancta
1796 4211 1858 4270 llo-

218 4283 278 4357 est,
293 4286 522 4361 procuratorio
543 4287 688 4361 nomine,
710 4287 739 4349 si
756 4289 868 4367 aliquo
885 4292 920 4353 in
934 4295 1014 4355 tern-
1067 4324 1174 4370 mans
1189 4307 1346 4369 ecclesis
1367 4307 1576 4378 scriniarius,
1601 4306 1729 4368 babens
1751 4308 1857 4383 potes-

218 4398 298 4459 1)(116
319 4383 515 4461 111311]Ῑῦῒᾶῐῦ
539 4400 687 4449 ⁸0r01¹0ffl
706 4387 865 4460 HOStrfflss»
881 4389 934 4451 l'fll
954 4408 1013 4469 1³01*
1066 4406 1167 4468 tatem
1188 4404 1290 4466 dandi
1310 4405 1437 4466 tutores
1457 4405 1490 4466 et
1510 4406 1692 4475 curatores
1715 4404 1858 4464 emanci-

217 4483 290 4558 eJus
311 4498 521 4544 successores
535 4483 588 4545 rel
603 4483 754 4556 heredes,
770 4485 822 4547 vel
836 4502 895 4563 per
911 4487 1012 4551 aliam
1066 4503 1178 4582 pandi,
1201 4501 1369 4567 decretum
1392 4502 1635 4580 interponendi,
1650 4502 1684 4563 et
1705 4502 1857 4563 alimenta

217 4580 398 4657 quamlibet
411 4596 600 4656 personam,
617 4597 678 4645 seu
692 4580 793 4645 etiarn
807 4599 867 4660 per
883 4584 1013 4662 obliga·
1068 4600 1279 4673 secernendi,
1296 4598 1659 4677 compensassent.

216 4678 351 4749 tionem,
377 4679 635 4752 concessionem,
661 4679 715 4742 vel
732 4680 968 4745 alienationem
992 4701 1012 4746 a

216 4774 304 4835 dicto
316 4774 395 4836 olim
413 4776 506 4852 patre
517 4778 644 4848 nostro,
658 4776 745 4837 vela
766 4777 861 4839 nobis
876 4778 1007 4856 tactam,
1104 4776 1401 4843 enarret-lixtis
1414 4778 1524 4840 autem
1535 4777 1661 4839 chartis
1673 4777 1857 4847 eluceteo·

216 4886 260 4931 er
276 4870 339 4932 hac
360 4887 462 4934 causa
483 4873 661 4953 praedictus
682 4872 836 4935 dominus
855 4878 956 4954 Papa,
979 4880 1013 4943 et
1065 4876 1276 4953 demquoque
1288 4875 1437 4952 tempore
1454 4874 1609 4937 floruisse
1622 4874 1767 4937 alterum
1782 4878 1858 4937 Cen-

218 4982 427 5032 successores
439 4973 524 5047 ejus,
540 4970 595 5031 rel
604 4968 753 5031 Ecclesia
764 4972 912 5037 Romana
923 4976 1012 5039 dam·
1064 4977 1156 5036 ctum
1173 4976 1385 5035 cardinalem
1406 4974 1441 5035 S.
1459 4972 1643 5034 Lorcreattt
1659 4976 1698 5033 tn
1718 4976 1856 5043 Lacino,

217 5081 296 5129 num
310 5067 445 5144 aliquod
459 5066 616 5143 patiatur,
633 5067 746 5143 quanti
764 5070 828 5132 erit
842 5070 1008 5147 damnum,
1066 5070 1122 5149 qui
1136 5069 1211 5131 heic
1224 5084 1244 5131 a
1258 5068 1377 5142 cencio
1388 5068 1702 5131 nostrodiversitate
1717 5069 1857 5139 nominis

216 5163 346 5224 tantum
357 5163 394 5224 in
408 5163 531 5225 nostris
545 5162 641 5224 bonis
656 5163 705 5225 eis
717 5164 923 5241 placentibus
938 5172 1010 5233 siue
1065 5168 1290 5244 distinguitur.
1325 5170 1420 5228 Anno
1444 5168 1554 5228 autem
1586 5167 1683 5238 1198,
1719 5165 1781 5226 sub
1808 5169 1858 5227 In-

211 5261 299 5341 juris
324 5260 451 5322 offensa
470 5262 503 5321 et
530 5260 673 5338 alicuius
697 5263 799 5325 cnriae
823 5268 1012 5342 proclama·
1065 5266 1218 5329 nocentia
1253 5251 1320 5336 lii,
1359 5264 1505 5325 occurrit
1538 5263 1620 5324 mihi
1652 5262 1758 5325 frater
1798 5264 1856 5325 Ri-

215 5359 322 5430 tione,
351 5361 429 5434 jure
463 5357 613 5435 pignoris
646 5362 843 5425 auctoritate
875 5367 1010 5441 propria
1064 5364 1208 5427 chardus
1239 5362 1365 5425 domini
1400 5364 1499 5439 Papae
1532 5362 1750 5423 camerarius.
1781 5365 1857 5422 Tum

214 5456 400 5521 vendicent.
416 5457 499 5517 Etsi
514 5457 740 5520 contradicere
756 5460 1009 5537 voluerimus,a
1064 5448 1151 5525 anno
1185 5462 1262 5522 1201
1286 5461 1486 5522 Octavianus
1513 5460 1571 5520 Dei
1597 5461 1707 5535 gratia
1733 5458 1854 5521 domini

210 5555 298 5631 jure,
315 5553 401 5628 quod
416 5553 451 5613 in
467 5553 589 5616 eisdem
609 5555 705 5616 bonis
719 5556 926 5633 habebimus,
951 5578 1011 5624 ea·
1065 5563 1163 5636 Papae
1183 5559 1367 5620 innocentii
1389 5560 1434 5619 Ill
1454 5556 1673 5621 consobrinus
1694 5560 1729 5619 et
1750 5574 1856 5620 came-

215 5649 342 5720 darnus,
366 5650 398 5711 et
421 5650 529 5728 ipsum
551 5651 707 5713 damnum
729 5653 865 5730 duplum
889 5673 1007 5720 emen-
1064 5657 1187 5718 rarius.
1204 5655 1482 5717 Aedeindeanno
1499 5656 1619 5717 ladam
1635 5657 1856 5733 1915519113-
