3996 6196
182 150 184 155 ’
219 207 257 271 at
844 201 1021 269 nononu
1043 162 1090 263 ur
1110 202 1259 264 ornus.
1839 205 1882 271 π

146 437 149 445 s
219 385 270 447 tes
288 396 395 460 nequo
413 370 694 459 praeloquuntur,
713 394 820 457 neque
840 377 1018 456 dequibus
1073 380 1107 443 et
1121 397 1201 445 arca
1217 397 1293 445 cum
1308 380 1457 446 saunas
1478 381 1560 457 suis,
1580 396 1653 460 quae
1674 380 1738 445 luit
1760 383 1797 447 ln
1820 400 1878 448 se-

219 482 398 551 aitlrmant,
412 475 1018 556 propterhocquodinsecnndolihro
1073 480 1180 541 cundo
1203 480 1292 542 intra
1319 482 1440 553 selum,
1469 480 1643 543 manifeste
1667 497 1708 545 ac
1731 481 1877 546 mirilico

219 578 487 665 Manichaeorum
497 575 538 636 de
547 573 765 636 absconsione
773 573 1019 636 tabernaculiet
1073 593 1172 656 opere
1185 579 1313 656 sculpta
1325 577 1429 641 luisse
1441 580 1633 641 cernuntur.

218 693 318 748 arcae,
339 692 398 736 seu
419 674 518 736 etiam
538 672 654 734 altaris
683 672 813 734 incensi
840 673 1016 750 reperitur,
1112 679 1182 738 lloc
1218 677 1319 738 eliam
1353 676 1636 739 manifestioribus
1666 674 1876 743 documentis

219 773 387 853 superflua
402 771 558 849 opinione
571 770 774 844 existimant,
785 771 894 849 ipsum
906 771 1019 833 taber·
1073 773 1342 852 eloquentissime
1354 774 1469 838 doctor
1481 776 1548 837 Leo
1561 777 1653 853 Papa
1664 775 1700 838 in
1709 778 1878 839 sermoni·

219 871 385 942 naculum,
404 869 437 932 et
453 884 566 931 arcam
581 869 633 930 vel
646 869 764 942 altare,
782 868 943 931 hactenus
962 886 1020 932 oc-
1072 871 1134 932 hus
1146 872 1327 934 Dominicoe
1338 872 1519 946 Passionis,
1528 890 1628 951 quum
1636 872 1757 936 derelo
1768 876 1877 939 scisso

218 969 342 1032 cultata
361 983 467 1044 usque
487 967 529 1028 ad
551 969 681 1045 tempus
701 966 804 1029 futuri
823 966 945 1046 judicii
967 968 1020 1030 ln·
1073 970 1108 1030 in
1120 970 1241 1047 templo
1254 969 1315 1030 suh
1327 970 1400 1047 ipso
1412 971 1559 1048 ternpore
1571 971 1738 1048 passionis
1751 971 1878 1035 Christi

218 1070 300 1141 tere,
316 1067 350 1128 et
360 1064 522 1141 ignorari,
537 1065 598 1128 eto.
1072 1068 1189 1130 contra
1226 1068 1399 1145 perfidiam
1432 1068 1625 1132 Jndaeorum
1656 1069 1876 1135 contestando

1075 1165 1257 1239 inveheret,
1277 1166 1449 1229 declarare
1468 1166 1610 1241 videtur,
1631 1166 1708 1228 dum
1725 1168 1878 1245 ipsorum

214 1240 256 1300 V·
280 1243 373 1308 Quod
392 1240 547 1316 te²²²I²07⁴s3
568 1242 634 1302 Tm
655 1239 688 1302 0²
714 1239 925 1315 ΓθδΡαθῑαηῑν
942 1250 1018 1312 W
1075 1263 1575 1328 caecitatemiudoeornmomnia
1584 1265 1699 1327 mundi
1712 1265 1877 1330 elementa

256 1340 294 1400 4²2
331 1338 455 1414 ‘emim’
493 1338 647 1413 slwl'tml’
689 1339 811 1399 ROW
847 1335 1018 1399 ‘mndata
1077 1361 1264 1424 euidentius
1290 1363 1442 1439 arguisse
1469 1362 1709 1441 protestaretur
1738 1363 1775 1425 in
1802 1380 1878 1427 ser-

219 1530 224 1539 ,
255 1438 409 1510 flerunt·
1072 1476 1180 1534 mone,
1202 1461 1258 1540 qui
1271 1460 1320 1522 sic
1338 1460 1476 1538 incipit:
1495 1463 1606 1528 Quron
1626 1461 1745 1524 erudito
1762 1466 1875 1526 erodis

256 1562 326 1633 Quo
349 1560 461 1625 autem
483 1559 643 1637 tempore,
671 1557 724 1621 rel
749 1572 769 1621 a
796 1557 916 1637 quibus
934 1573 1017 1620 rasa
1070 1561 1218 1621 Jodotcc
1243 1560 1405 1635 impietas
1429 1559 1615 1632 laboraret,
1640 1559 1776 1636 scripsit
1801 1560 1871 1623 ita:

214 1657 340 1734 templi,
359 1659 392 1719 et
410 1656 579 1729 utensilia,
612 1670 672 1717 seu
695 1656 853 1718 universa
877 1655 1017 1718 donaria
1071 1675 1089 1716 ‹
1111 1656 1203 1730 Quod
1223 1657 1252 1716 si
1275 1656 1317 1717 ad
1336 1655 1524 1732 arguendos
1544 1671 1614 1728 ros
1629 1672 1691 1718 nec
1711 1657 1872 1731 coelestia,

215 1758 329 1818 Romae
341 1755 451 1816 delata
466 1754 610 1827 suerunt,
623 1754 677 1817 rel
690 1754 747 1816 ubi
759 1755 915 1832 reposita,
930 1770 1018 1832 prae-
1070 1772 1089 1814 c
1110 1770 1172 1816 nec
1183 1756 1187 1763 '
1197 1754 1329 1816 inferna
1345 1753 1526 1828 sufiiciunt,
1545 1754 1578 1816 et
1594 1770 1727 1817 crucem
1748 1754 1873 1849 tlhristi

214 1855 302 1916 satus
315 1855 429 1917 doctor
440 1856 674 1934 Hieronymus,
698 1855 753 1917 cui
770 1855 942 1933 proprium
953 1854 1016 1918 init
1070 1870 1088 1913 c
1110 1852 1216 1929 magis
1235 1852 1413 1931 potuerunt
1431 1853 1533 1931 petrae
1554 1853 1653 1930 atque
1673 1867 1874 1917 monumen-

214 1969 346 2031 semper
362 1970 449 2016 nora
465 1970 626 2032 quaerere,
653 1954 686 2016 et
709 1952 872 2016 absconsa
893 1952 1017 2015 diluci·
1070 1950 1154 2023 «ta,
1178 1966 1277 2029 quam
1308 1950 1419 2012 vestra
1452 1949 1551 2012 corda
1585 1951 1720 2024 sentire,
1754 1952 1873 2013 saltem

214 2050 305 2125 dare,
319 2051 355 2113 in
367 2050 575 2127 expositione
593 2050 698 2114 Joelis
719 2051 889 2129 prophetae
911 2052 1016 2113 testa·
1070 2065 1088 2107 «
1106 2049 1243 2127 'quodin
1255 2048 1377 2127 templo
1395 2048 1505 2110 actum
1517 2049 1578 2120 est,
1594 2048 1871 2112 scienteradver·

212 2149 278 2221 tur,
308 2148 394 2226 qnod
424 2148 517 2210 Titus
543 2150 576 2211 et
603 2149 840 2226 Vespasianus,
873 2147 1014 2211 Romani
1068 2146 1178 2209 «nte.
1194 2147 1323 2220 Velum,
1341 2149 1437 2225 cujus
1452 2144 1582 2224 objectu
1601 2146 1874 2209 intercludeban-

212 2246 392 2323 prinoipes,
423 2248 497 2324 post
527 2246 757 2308 ascensionem
791 2246 923 2308 Domini
956 2246 1015 2308 de-
1068 2244 1163 2305 «tur
1184 2244 1305 2306 Sancta
1320 2246 1696 2317 sanctorum,asummo
1710 2245 1871 2324 usquead

213 2343 338 2404 structa
357 2343 491 2405 civitate
509 2343 742 2420 Hierosolyma
765 2344 799 2409 et
819 2345 953 2422 templo,
972 2342 1013 2406 ob
1067 2360 1086 2403 c
1106 2342 1873 2421 imadiruptumestetsacrumilludmysticum·

211 2441 387 2522 uictoriam
411 2443 443 2503 et
466 2440 704 2503 monimentum
725 2441 840 2519 populi
858 2441 1011 2515 Romani,
1067 2457 1086 2500 u
1108 2454 1171 2520 que
1184 2439 1358 2514 secretum,
1373 2455 1438 2518 quo
1452 2440 1543 2502 solus
1551 2456 1700 2501 summus
1714 2441 1872 2504 Pontifex

213 2539 324 2599 omnia
341 2537 400 2599 illa
417 2539 540 2616 quaein
556 2537 678 2615 templo
695 2537 864 2616 praecipua
877 2554 919 2599 en
934 2553 1013 2616 spe·
1067 2555 1085 2597 ‹<
1102 2540 1217 2616 J'ussus
1229 2537 1338 2601 luerat
1349 2538 1487 2611 intrare,
1501 2538 1688 2602 reseratum
1699 2538 1785 2612 est»
1803 2540 1867 2602 etc.

214 2635 305 2697 ciosa
321 2634 430 2697 Judaei
455 2634 652 2707 habuerant,
680 2651 793 2697 secum
819 2631 1013 2713 asportave-
1108 2635 1175 2697 Sub
1198 2636 1298 2698 alteri
1321 2636 1386 2698 isto
1421 2637 1645 2711 sacrosancto,
1675 2636 1716 2699 de
1742 2652 1807 2715 quo
1833 2638 1869 2698 in

213 2733 301 2805 runt,
317 2733 418 2794 immo
431 2732 472 2795 ab
489 2732 571 2810 ipsis
582 2732 708 2795 iudaeis
725 2733 891 2811 asportari
898 2737 1013 2812 jusse—
1066 2734 1223 2812 praesenti
1239 2732 1415 2811 loquimur,
1435 2734 1486 2796 est
1504 2734 1654 2812 quaedam
1671 2735 1782 2810 imago
1798 2736 1869 2798 tota

212 2824 291 2892 runt
305 2851 313 2891 ε
327 2831 360 2892 et
372 2829 534 2892 aedificato
554 2833 668 2894 Romae
691 2831 814 2909 templo
832 2832 941 2905 Pacis,
964 2830 1011 2893 ibi
1066 2847 1169 2894 aurea
1186 2831 1338 2912 lDomino
1361 2834 1442 2895 Jesu
1476 2831 1607 2895 Christo
1631 2820 1798 2906 dedicata,
1836 2836 1870 2896 et

210 2919 252 2993 ea
270 2928 306 2989 in
323 2927 497 2991 delubrum
518 2928 658 2991 mirilico
680 2928 910 3003 condiderunt,
938 2945 1011 3009 quae
1065 2928 1171 2992 heatae
1196 2930 1312 2992 Mariae
1337 2928 1507 3007 Virginis;
1535 2931 1569 2992 et
1590 2926 1699 2991 sancti
1724 2930 1867 2992 ioannis

213 3028 328 3099 Graeca
345 3026 378 3088 et
394 3029 544 3089 Romana
559 3026 676 3089 narrat
692 3025 844 3089 historia.
862 3028 931 3091 Nec
949 3027 1013 3089 du·
1066 3027 1234 3106 Baptistae,
1253 3028 1509 3105 sanctorumque
1525 3028 1757 3107 Apostolorum
1774 3026 1867 3090 Petri

212 3122 303 3185 bium
332 3124 419 3186 unde
446 3125 559 3187 tantus
586 3124 639 3187 vir
670 3123 781 3188 docuit
809 3124 1010 3200 habendum,
1066 3127 1099 3189 et
1124 3126 1232 3198 Pauli,
1254 3125 1360 3188 sancti
1386 3125 1760 3202 JoannisEvangelistce
1778 3126 1867 3187 ima-

211 3222 298 3300 qnod
311 3226 427 3285 Graeca
443 3222 477 3284 et
492 3225 642 3286 Romana
659 3222 800 3284 historia
816 3223 922 3286 voluit
938 3239 1011 3287 esse
1065 3224 1160 3301 gines
1178 3224 1218 3285 de
1231 3224 1353 3286 electro
1365 3238 1477 3285 aureae
1494 3224 1527 3286 et
1538 3223 1717 3300 argenteae,
1736 3238 1866 3286 necnon

211 3320 452 3384 confirmatum.
466 3323 538 3382 Hoc
549 3321 637 3383 idem
654 3336 760 3400 usque
773 3321 1011 3400 lrodieliquido
1066 3322 1209 3384 aliorum
1237 3321 1470 3399 Apostolorum
1504 3321 1638 3399 penitus
1674 3310 1863 3399 argenteae,
1991 3340 1992 3353 ³

210 3420 425 3497 perpenditur
441 3419 476 3481 in
492 3419 687 3497 triumphali
704 3437 796 3493 arcu,
818 3419 875 3498 qui
895 3421 1012 3499 appel·
1065 3430 1148 3499 quas
1174 3420 1408 3482 Constantinus
1435 3419 1617 3497 imperator
1639 3419 1700 3481 Dei
1728 3435 1863 3492 servus,
1990 3445 1991 3448 ¹

210 3516 300 3576 latur
323 3516 456 3593 Septem
474 3516 697 3588 lucernarum,
719 3518 776 3595 qui
799 3519 1011 3581 constructus
1067 3520 1124 3596 qui
1153 3518 1285 3580 easdem
1313 3517 1355 3578 ad
1383 3517 1543 3579 honorem
1569 3516 1758 3579 'salvatoris
1783 3519 1864 3580 Jesu

208 3611 314 3705 inisse
330 3612 490 3691 probatur
506 3613 548 3674 ad
565 3613 760 3676 memoriam
776 3614 1010 3693 praedictorum
1066 3615 1189 3677 Christi
1204 3631 1405 3694 suorumque
1425 3615 1663 3694 discipulorum
1682 3614 1862 3691 imaginari

211 3709 399 3788 principum
427 3710 593 3788 totiusque
617 3711 731 3788 populi
755 3713 898 3776 Romani
912 3714 1010 3792 juxta
1067 3714 1180 3787 studit,
1195 3713 1245 3775 sic
1263 3713 1298 3774 in
1323 3713 1465 3792 quodam
1490 3727 1636 3790 geneceo
1657 3712 1794 3773 molitus
1814 3713 1863 3775 est

211 3807 386 3869 ecclesiam
399 3807 529 3869 Sanctae
541 3808 657 3870 Mariae
669 3810 783 3882 Novae,
797 3810 833 3873 in
850 3827 915 3888 quo
927 3827 1011 3873 can·
1066 3811 1261 3885 recondere,
1275 3810 1362 3890 quod
1375 3811 1460 3872 nulli
1475 3810 1596 3873 artifici
1610 3825 1671 3889 per
1684 3809 1862 3890 quodcun-

211 3904 357 3978 delahrn,
372 3922 445 4001 quse
457 3904 592 3968 inerunt
607 3902 643 3968 in
659 3907 764 3985 priori
783 3907 1009 3983 tabernaculo,
1066 3926 1130 3988 que
1142 3910 1314 3988 ingenium
1328 3909 1409 3973 licet
1429 3907 1598 3972 accedere.
1855 3900 1857 3904 ⁴
