3936 6182
220 237 281 298 om
695 237 872 300 9999999
894 236 939 299 99
960 236 1109 299 ornus.
1126 268 1164 283 -
1181 236 1411 335 99999999.
1817 237 1873 299 eno

223 395 285 459 bus
310 398 425 461 mundi
450 398 507 478 qul
541 398 617 461 sunt
643 398 733 471 luna,
771 398 848 476 qula
875 399 1022 476 praesunt

223 496 324 567 nocti,
344 495 429 558 idest
442 496 692 575 temporalibus,
713 497 790 558 Nox
808 495 1020 571 9919991991-

224 592 301 656 11991
315 595 521 672 temporalia.
547 595 610 655 Sed
634 594 732 656 bodie
754 594 1022 655 99199999911199

222 691 256 751 in
270 691 435 763 tenebras,
450 692 484 754 et
497 692 622 752 199919
635 691 843 767 sanguinem,
855 691 1022 767 99199999-

222 788 282 850 lati
306 789 463 852 Ecclesiae
478 789 611 851 student
625 789 779 859 terrenis,
804 790 837 849 et
853 787 1021 865 principes

225 887 339 948 saeculi
354 886 531 949 intendunt
550 886 689 963 rapinis.
708 887 790 947 Sunt
810 886 910 946 etiam
926 885 1020 959 signa

224 984 259 1043 in
284 983 390 1046 stellis
414 1000 488 1062 quae
513 983 612 1046 hodie
634 983 756 1044 cadunt
770 983 811 1044 de
827 982 921 1055 coelo,
943 981 1021 1059 quia

225 1081 474 1158 contemplativi
496 1081 595 1143 hodie
616 1096 730 1142 casum
745 1081 928 1157 patiuntur,
944 1078 1021 1139 dum

225 1180 350 1241 exeunt
364 1179 404 1240 de
419 1178 707 1256 contemplationis
720 1178 861 1239 secrete.

264 1278 382 1339 Erunt
401 1279 503 1353 91999
521 1280 653 1348 199919,
676 1276 710 1338 ct
728 1280 822 1346 1999,
848 1275 882 1336 91
903 1274 1020 1345 steno,

225 1375 261 1437 et
274 1377 311 1435 19
325 1376 433 1436 terris
447 1389 619 1449 pressure
638 1373 794 1448 peditum
803 1386 881 1447 pree
897 1372 1022 1445 999119-

226 1467 933 1547 99999999999999919991999911199.
949 1482 1021 1539 xxr,

225 1567 291 1649 25).
308 1571 469 1631 Pressura
480 1568 628 1645 gentium
643 1568 708 1629 erit
719 1567 796 1629 9919
807 1566 894 1627 diem
904 1564 1023 1643 judicii

227 1665 379 1742 gentibus
403 1680 478 1727 sese
502 1666 646 1727 invicem
673 1663 910 1726 occidentibus.
938 1667 1024 1724 Proe

227 1767 425 1838 cortpcsioue
462 1764 597 1824 sonitus
628 1766 740 1823 meris
773 1767 803 1824 el
839 1760 1021 1834 1199919999,

227 1860 325 1933 idest,
352 1862 429 1922 ante
451 1860 678 1922 confusionem
708 1859 836 1920 sonitus
862 1858 966 1919 maris
992 1859 1025 1918 91

228 1958 400 2020 ductuum.
421 1958 614 2020 Praecedent
632 1957 721 2018 enim
743 1956 838 2033 signa
860 1955 1025 2017 91119999-

227 2073 310 2128 rem,
327 2071 482 2133 pressura
502 2055 543 2116 ad
564 2054 712 2119 dolorem
733 2055 767 2116 et
781 2053 930 2131 sequitur
944 2068 1025 2114 con-

229 2153 316 2215 fusio
332 2154 461 2215 sonitus
480 2153 582 2213 maris
602 2153 636 2213 et
656 2152 826 2213 fluctuum.
843 2151 926 2222 Quia
941 2165 1025 2227 quo-

231 2251 329 2312 modo
353 2250 506 2327 impulsae
530 2249 572 2311 ad
596 2265 710 2310 casum
721 2247 858 2309 arbores
877 2246 1020 2308 sonitum

230 2348 339 2409 solent
359 2348 571 2424 praemittere,
594 2345 771 2407 siemundi
790 2344 933 2405 termino
947 2359 1026 2420 pro-

229 2446 411 2523 pinquante
433 2444 529 2521 quasi
552 2443 706 2521 paventia
728 2441 929 2504 nuntiabunt
951 2440 1024 2501 919-

230 2544 352 2604 menta.
372 2542 549 2619 Sequitur:
569 2541 811 2602 arescentibus
833 2540 1025 2601 bominibus

229 2656 307 2714 prce
335 2641 459 2701 timore
485 2638 519 2700 et
539 2637 776 2710 expectatione
800 2650 923 2697 eorem
949 2649 1026 2709 qtioe

232 2736 481 2811 stiperuenient
494 2738 658 2796 eriteerso
670 2735 755 2795 orbi.
766 2730 860 2812 (Luc.
873 2748 944 2800 xxi,
958 2730 1023 2809 26).

273 2833 387 2894 Tantae
409 2832 644 2894 commotiones
666 2832 763 2891 erunt
775 2829 1023 2899 elementorum,

234 2929 406 3002 videlicet,
436 2929 556 3000 maris,
588 2928 706 2999 terrae,
742 2927 817 2988 coeli
845 2929 879 2990 et
910 2926 1022 3000 aeris;

233 3027 319 3106 quod
343 3028 493 3088 homines
520 3026 619 3088 etiam
645 3024 829 3086 morientur
850 3024 969 3085 timore
994 3024 1026 3084 et

232 3126 473 3202 expectatione.
497 3123 591 3185 Unde
609 3122 768 3185 Dominus
788 3136 849 3199 per
868 3123 1026 3197 aggaeum

232 3223 450 3300 Prophetam:
464 3225 537 3299 Epo
553 3222 691 3282 movebo
701 3225 832 3292 coelum,
847 3219 881 3280 et
892 3219 1025 3279 terram

231 3322 268 3383 et
278 3336 388 3388 more,
405 3323 438 3381 et
450 3322 607 3381 aridem:
624 3318 659 3379 et
669 3319 808 3378 movebo
818 3330 936 3378 999999
947 3330 1027 3392 999-

232 3420 295 3491 199,
317 3420 352 3482 91
377 3417 492 3480 999191
516 3415 732 3477 deriderotus
755 3414 886 3475 9999119
913 3413 1027 3490 peuti-

233 3520 304 3579 199.
319 3513 415 3595 (Agg.
433 3530 470 3586 11,
487 3518 518 3585 7,
534 3511 579 3591 8).
597 3510 697 3584 Quasi
719 3510 843 3572 diceret
859 3531 867 3571 ε
888 3508 1026 3581 Quando

231 3614 363 3675 venerit
379 3610 529 3672 Christus
549 3609 756 3670 desideratus
771 3607 898 3668 cunctis
912 3606 1025 3683 genti·

231 3710 306 3782 bus,
315 3712 383 3785 Ego
398 3707 535 3769 movebo
546 3706 677 3777 coelum,
688 3706 721 3767 et
730 3705 865 3776 terram,
877 3705 910 3765 91
921 3718 1023 3764 mare.

231 3810 271 3869 Et
285 3822 344 3883 per
359 3804 561 3881 sophoniam
587 3825 594 3862 ε
617 3804 792 3864 miredalin
814 3804 980 3871 99991999,
992 3801 1026 3862 91

232 3902 503 3966 ambulaberint
515 3903 606 3971 cccci,
618 3902 699 3973 quie
710 3900 857 3959 Decumo
868 3912 1027 3972 peccave·

230 4001 326 4063 runt.
344 3997 460 4078 (Sopb.
471 4013 494 4069 1,
512 3996 575 4075 17).
592 3999 685 4057 Num
702 3995 852 4056 virtutes
863 3999 1027 4056 caetorum

231 4094 545 4160 cornmeeebuntur.
563 4091 694 4171 (Matth.
708 4106 800 4162 xnrr,
814 4092 865 4151 29.
879 4090 1026 4153 Virtutes

232 4194 391 4257 coelorum
414 4190 594 4269 appellarit
621 4190 779 4251 Dominus
804 4189 840 4249 in
868 4187 1026 4251 hocloco

233 4307 347 4354 omnes
357 4290 490 4353 ordines
498 4288 691 4364 augelorum
702 4286 758 4365 qui
771 4284 1026 4347 commovebun-

231 4393 285 4453 tur
297 4388 430 4468 propter
445 4386 698 4449 admirationem
712 4383 796 4446 tanti
818 4383 969 4453 terroris,
995 4381 1028 4442 et

231 4490 267 4550 in
280 4488 438 4549 ultionem
455 4484 629 4545 malorum.
646 4482 740 4543 Unde
761 4480 921 4542 Dominus
940 4479 1027 4539 dicet

232 4586 301 4647 eis:
319 4585 468 4659 Coittptte
476 4585 632 4657 primum
645 4581 783 4641 9199919
793 4578 826 4639 91
836 4577 973 4653 adipate
985 4590 1027 4637 99

234 4685 334 4756 quasi
348 4684 526 4754 fasciculos
542 4681 586 4738 ud
600 4678 876 4739 cmnbureudum.
894 4672 1025 4751 (Mattb.

236 4793 311 4848 x111,
327 4776 395 4854 30.)
402 4775 502 4847 Quasi
518 4775 606 4836 dicat
622 4795 629 4833 :
647 4774 789 4849 primum
802 4770 942 4847 accipite
955 4785 1027 4830 ma-

235 4876 286 4936 los
301 4875 333 4936 et
346 4873 532 4948 mancipate
551 4886 607 4931 eos
623 4872 678 4930 aeis
686 4868 757 4928 ruis
783 4867 956 4928 incendiis.
980 4868 1027 4928 m

235 4973 317 5033 tuuc
330 4969 489 5030 videbunt
503 4969 611 5040 litium
625 4966 773 5025 bominis
784 4965 1026 5025 999199199919

233 5069 332 5129 uude.
354 5063 471 5142 (Marc.
496 5077 570 5131 x111,
592 5059 658 5140 26).
673 5059 822 5120 Christus
844 5061 1026 5121 ascendens

236 5165 278 5225 ad
289 5162 407 5224 coelum
420 5159 507 5220 nube
519 5154 706 5232 assumptus
716 5157 777 5216 est.
786 5156 878 5218 Unde
888 5158 924 5217 in
936 5157 1028 5219 Acti-

233 5261 296 5323 bus
311 5255 535 5334 apostolorum
554 5272 562 5312 :
581 5251 628 5313 At
651 5254 756 5313 pubes
776 5254 925 5327 suscepit
947 5268 1026 5315 eum

1075 414 1154 460 eum
1165 401 1304 463 euntem
1320 403 1489 462 tuccetum
1502 408 1581 459 cum
1594 396 1731 459 eir-tute
1748 409 1873 474 999999

1076 499 1110 559 91
1131 496 1324 571 maiestate.
1343 496 1427 575 (Aet.
1453 513 1476 568 1,
1499 494 1562 574 11).
1588 496 1677 557 Nota
1702 495 1790 572 quod
1810 496 1872 556 duo

1076 597 1195 672 posuit,
1219 596 1374 657 virtutem
1396 595 1429 655 91
1451 596 1683 671 majestatem:
1705 594 1871 664 virtutem,

1076 693 1117 753 ad
1130 692 1314 769 puniendos
1333 693 1455 767 malos3
1477 692 1698 769 majestatem,
1712 690 1757 752 ad
1768 690 1871 767 glori-

1076 789 1224 851 dcandos
1236 789 1351 851 bonos.

1115 890 1182 949 His
1203 887 1320 948 eutem
1342 888 1422 960 deri
1435 886 1689 961 incipientium,
1710 887 1871 960 respicite

1076 987 1111 1049 et
1143 986 1254 1048 199919
1286 986 1401 1059 cupita
1435 985 1554 1045 vestra
1581 981 1675 1062 (Luc.
1699 998 1781 1056 xxi,
1809 984 1870 1061 28).
1959 976 1960 1005 ³

1076 1083 1264 1145 Notandum
1275 1080 1360 1159 quod
1376 1081 1442 1142 duo
1456 1081 1617 1158 praecipit,
1629 1080 1792 1143 videlicet
1804 1097 1873 1141 cou-

1077 1182 1311 1243 siderationem
1322 1180 1355 1241 91
1367 1179 1616 1241 exultationem.
1631 1179 1873 1240 consideratio
1959 1238 1960 1259 ἦ

1076 1279 1209 1352 999919
1223 1294 1262 1338 eo
1275 1277 1360 1354 quod
1374 1277 1473 1338 dicit:
1490 1277 1656 1354 respicite,
1670 1277 1763 1338 idest
1775 1277 1874 1337 cousi·
1959 1306 1960 1325 1

1077 1377 1201 1439 derate.
1229 1375 1484 1446 Exultationem,
1513 1391 1614 1452 quum
1633 1375 1740 1436 dicit:
1771 1374 1874 1436 199919

1077 1476 1186 1551 999119
1198 1474 1320 1543 vestra,
1337 1472 1445 1544 idest,
1462 1471 1650 1534 exhilarate
1667 1471 1787 1533 corda.
1801 1474 1872 1533 Haec

1078 1572 1143 1634 duo
1167 1573 1201 1632 in
1225 1569 1377 1632 omuibus
1397 1568 1548 1629 adversis
1570 1570 1647 1631 sunt
1668 1569 1872 1631 9999999919.
1959 1562 1960 1631 1

1078 1669 1306 1732 consideratio
1328 1666 1518 1728 9999999919
1538 1670 1588 1728 991
1613 1668 1649 1728 19
1672 1667 1828 1729 adversis
1843 1669 1876 1728 ut
1959 1680 1960 1683 ’

1078 1769 1222 1830 sciamus
1243 1764 1437 1843 temporalia
1463 1768 1555 1830 nulla
1579 1783 1664 1837 esse,
1694 1765 1734 1825 in
1764 1764 1875 1841 quibus
1959 1778 1960 1823 1

1078 1866 1272 1945 plerumque
1296 1867 1496 1945 affligimur,
1518 1869 1551 1929 et
1568 1866 1680 1926 mente
1705 1861 1875 1924 tendamus

1078 1966 1120 2026 ad
1136 1982 1290 2043 superna.
1308 1966 1402 2029 Unde
1417 1964 1616 2042 Gregorius:
1634 1963 1819 2022 «Necesse
1830 1962 1875 2020 est

1078 2064 1115 2125 ut
1136 2080 1211 2125 cum
1233 2064 1266 2124 iu
1287 2064 1386 2125 rebus
1406 2060 1628 2125 exterioribus
1643 2059 1798 2136 pondere
1818 2057 1874 2117 do-

1078 2161 1159 2223 loris
1176 2161 1351 2234 9111919999,
1368 2178 1425 2238 999
1442 2162 1483 2222 ad
1499 2174 1642 2236 superna
1660 2157 1874 2219 tendamus.»

1079 2260 1245 2321 Exultatio
1260 2260 1451 2321 necessaria
1465 2259 1516 2319 est
1530 2257 1564 2316 in
1574 2255 1730 2316 adversis
1741 2256 1874 2315 9199199-

1079 2372 1156 2418 nam
1188 2357 1374 2418 mercedem
1397 2355 1597 2432 recipiamus
1618 2368 1680 2429 pro
1704 2351 1872 2428 patientia,

1079 2454 1112 2516 91
1133 2469 1259 2515 merces
1274 2453 1459 2531 duplicetur
1475 2468 1534 2529 pro
1547 2450 1676 2512 laetitia.
1695 2448 1794 2510 Unde
1813 2450 1875 2507 Do-
1959 2430 1960 2517 1

1079 2552 1188 2613 minus
1203 2552 1239 2613 in
1253 2552 1455 2627 Evangelio:
1482 2548 1633 2611 Gaudete
1653 2547 1690 2608 et
1710 2545 1871 2615 caecitate,

1079 2654 1160 2725 quie
1185 2665 1317 2712 merces
1345 2649 1462 2710 cestro
1483 2651 1619 2722 copiosa
1642 2644 1698 2706 est
1725 2659 1767 2705 99
1795 2647 1872 2703 emto

1080 2747 1268 2826 (11911199,
1292 2745 1355 2825 12).
1379 2744 1541 2818 Quoniam
1562 2741 1875 2820 appropinquatre-

1080 2845 1223 2922 demptio
1237 2847 1359 2906 restra.
1376 2842 1510 2920 Triplex
1525 2843 1574 2902 est
1589 2838 1778 2915 redemptio
1795 2855 1803 2891 ε
1822 2835 1873 2896 ii·
1959 2888 1960 2891 ,

1080 2943 1233 3004 deliceta
1253 2941 1387 3019 9999919
1409 2939 1462 3002 vel
1480 2937 1668 3015 iniquitate,
1696 2951 1717 2995 a
1737 2933 1874 2996 tribula·

1079 3042 1180 3113 tione,
1197 3041 1230 3103 et
1249 3038 1503 3116 acorruptione.
1521 3040 1549 3097 Α
1563 3037 1701 3113 9999919
1719 3032 1808 3093 19919
1829 3032 1875 3091 991

1080 3137 1262 3215 redemptio
1291 3137 1327 3197 iu
1355 3135 1479 3197 Christi
1503 3132 1671 3211 passione,
1694 3130 1776 3207 quia
1800 3128 1873 3190 tunc

1079 3236 1220 3298 redemit
1234 3251 1295 3296 uos
1310 3232 1352 3295 ab
1367 3231 1519 3294 omnibus
1538 3228 1777 3307 iniquitatibus
1800 3241 1874 3286 nos·

1080 3334 1151 3396 tris.
1165 3332 1258 3394 Unde
1269 3331 1371 3393 David
1384 3347 1391 3386 ι
1406 3331 1452 3392 Ε1
1465 3333 1539 3404 ipsc
1550 3326 1701 3389 redimet
1710 3329 1873 3387 19999199

1081 3434 1238 3492 omnibus
1249 3430 1486 3504 iniquitatibus
1500 3431 1575 3499 ejus
1591 3424 1731 3503 (Psalm.
1748 3423 1817 3492 129,
1830 3416 1871 3497 8).

1081 3530 1117 3590 lu
1138 3529 1200 3589 hac
1219 3526 1445 3604 redemptione
1463 3524 1553 3585 dedit
1571 3522 1717 3599 pretium
1736 3517 1871 3594 sangui·

1080 3642 1156 3688 nem
1176 3642 1283 3687 suum.
1307 3624 1400 3686 Unde
1421 3621 1534 3684 Sancti
1549 3621 1585 3681 in
1608 3617 1812 3696 Apocalypsi
1825 3614 1872 3675 di-
1959 3616 1960 3703 }

1081 3725 1159 3785 cunt
1185 3726 1301 3798 Agnoz
1331 3720 1518 3783 Redemisti
1548 3732 1622 3789 uos,
1652 3718 1811 3784 Domine,
1839 3715 1874 3770 in
1959 3708 1960 3785 j

1079 3824 1247 3900 99999199
1261 3822 1319 3882 tuo
1332 3816 1445 3898 (Apoc.
1464 3833 1495 3889 v,
1508 3816 1554 3895 9).
1571 3812 1830 3876 Atribulatione
1842 3807 1874 3867 111
1959 3806 1960 3889 J

1080 3919 1263 3995 redemptio
1280 3917 1400 3978 animae
1413 3916 1447 3975 in
1461 3914 1572 3975 999919
1587 3910 1768 3971 solutione.
1784 3906 1873 3968 Unde
1959 3982 1960 3985 Ἴ

1080 4006 1872 4081 Davidsecundumaliamtrauslatiouem:Redi·
1959 4068 1960 4093 χ

1081 4099 1870 4188 999119999999199999999999(Ρ99199.51,19).
1959 4102 1960 4171 l

1081 4212 1182 4284 Quasi
1211 4209 1352 4270 diceret:
1380 4205 1533 4267 liberabit
1556 4204 1705 4265 animam
1729 4213 1872 4260 meama

1081 4304 1384 4371 atribulaiionibus
1399 4302 1512 4364 mundi
1531 4302 1564 4363 et
1587 4301 1651 4361 hoc
1674 4299 1779 4359 faciet
1798 4310 1874 4357 con-

1081 4395 1872 4475 9111999199999199199999999.99999999999

1081 4503 1137 4566 flet
1168 4501 1350 4578 redemptio
1378 4499 1414 4560 in
1448 4495 1713 4566 resurrectione,
1745 4489 1870 4569 quando

1081 4600 1188 4663 omnis
1206 4598 1373 4675 corruptio
1387 4596 1523 4657 tolletur
1543 4594 1584 4655 de
1606 4607 1710 4653 carne
1729 4606 1793 4667 per
1803 4587 1872 4665 glo·

1080 4699 1166 4761 riam
1194 4694 1460 4758 resurrectionis.
1494 4690 1588 4753 Unde
1619 4690 1654 4749 in
1687 4689 1754 4749 boc
1782 4687 1870 4747 loco:

1080 4797 1189 4860 ieeete
1214 4795 1328 4868 cupite
1349 4792 1477 4863 uestro,
1499 4791 1663 4865 99991999
1688 4786 1874 4860 appropin-

1081 4895 1163 4971 quat
1174 4891 1365 4966 redcrnptio
1379 4890 1497 4951 cestro
1512 4884 1608 4965 (Luc.
1619 4900 1693 4957 xxr,
1709 4881 1776 4962 28).

1227 5231 1281 5291 DE
1301 5227 1498 5290 ADVENTU
1522 5225 1663 5286 SERMO
1686 5224 1728 5284 11.

235 5361 277 5418 ab
292 5356 397 5416 ocutis
420 5363 552 5411 eorum.
575 5347 661 5425 (Act
676 5363 700 5420 Ι,
715 5346 760 5426 9).
779 5350 819 5409 lit
837 5348 871 5408 in
885 5348 972 5410 nube
985 5351 1025 5411 ad
1120 5356 1183 5422 Qui
1197 5356 1366 5416 venturus
1382 5352 1434 5413 est
1448 5349 1563 5412 999191
1589 5348 1623 5409 91
1641 5362 1712 5409 raon
1726 5342 1876 5407 tardabit

232 5446 447 5527 judicandum
466 5444 625 5505 venturus
640 5446 699 5504 est.
727 5445 769 5505 Ut
791 5443 913 5505 ibidem
938 5445 1025 5521 legi·
1081 5452 1196 5532 (Hehr,
1212 5468 1246 5520 χ,
1262 5449 1327 5529 37),
1344 5452 1418 5512 Jam
1433 5463 1499 5508 non
1515 5446 1566 5508 egi
1587 5445 1688 5507 timor
1703 5444 1737 5504 111
1755 5441 1876 5502 finibus
1959 5434 1960 5507 1

237 5562 310 5606 mus
338 5565 345 5602 z
370 5544 427 5603 Sic
450 5541 564 5601 999191
588 5543 871 5614 queamdmodum
893 5544 1026 5606 uidistis
1080 5551 1214 5621 nostris,
1237 5549 1394 5626 quoniam
1413 5546 1485 5624 ipse
1508 5545 1558 5607 991
1579 5542 1734 5604 Salvator
1753 5540 1877 5601 noster.
1959 5532 1960 5553 ¹
