3960 6188
225 273 287 336 863

226 432 331 496 dixit:
355 434 467 493 Adam
480 432 537 492 abt
550 430 603 493 est
617 427 714 508 (Gen.
729 444 780 501 111,
795 426 842 506 9).
865 427 929 491 Diu
943 426 1019 504 qui-

225 531 300 592 dem
314 529 471 591 clamavit
484 527 642 590 Dominus
658 527 692 587 in
703 525 872 603 paradiso,
891 525 948 586 sed
962 540 1018 585 se·

225 626 369 689 cundum
382 625 587 688 voluntatem
604 640 698 685 suam
717 639 784 684 non
803 622 932 698 accepit
945 637 1019 682 res-

226 740 376 802 ponsum.
394 722 488 785 Unde
502 722 544 783 ad
561 724 669 784 terras
691 720 871 789 descendit,
891 719 925 779 et
942 719 1019 780 ten·

225 821 299 883 dem
324 820 470 898 pendens
495 820 531 880 in
557 834 655 880 cruce
673 817 820 895 respexit
842 816 1015 887 latronem,

224 918 320 996 quasi
332 916 510 978 clamaret:
530 919 641 978 Adam
659 918 716 977 abt
734 918 792 977 est
805 915 845 976 Et
859 914 936 975 ille:
951 916 1019 975 Do·

224 1015 325 1086 mine,
343 1014 461 1091 inquit,
475 1014 510 1074 in
525 1028 623 1075 cruce
639 1029 712 1073 sum
727 1014 760 1073 et
774 1012 873 1088 digna
886 1011 1017 1088 quidem

178 1142 182 1149 ·
223 1110 320 1173 iactis
334 1111 471 1186 recipio,
489 1125 556 1171 non
574 1124 627 1170 me
648 1124 782 1181 excuso,
806 1108 864 1170 sed
886 1108 1020 1170 miseri-

224 1207 372 1271 cordiam
400 1207 487 1284 peto.
506 1207 566 1267 Cui
587 1206 746 1268 Dominus
761 1206 926 1284 justitiam
951 1221 1018 1267 non

223 1304 368 1381 negavit,
380 1303 437 1365 sed
453 1303 594 1380 patriam
604 1302 747 1365 reddidit
758 1303 892 1364 dicens:
907 1305 1018 1364 Hodie

223 1417 359 1463 mearam
383 1405 455 1462 eris
477 1404 516 1461 tn
538 1403 722 1474 paradiso,
748 1416 808 1476 per
830 1400 1019 1462 accusatio-

224 1514 300 1560 nem
316 1498 402 1559 unde
413 1497 564 1559 cecidisti
578 1513 638 1574 per
652 1497 913 1559 excusationem.

264 1598 370 1667 Quum
385 1594 473 1655 enim
488 1596 575 1656 Deus
585 1594 755 1656 acceditet
769 1594 866 1655 homo
882 1594 1020 1657 conflte-

222 1694 288 1763 tur,
304 1691 532 1753 misericordia
551 1691 611 1752 Dei
632 1691 819 1753 accedentis
842 1692 876 1753 et
894 1691 1018 1754 veritam

223 1788 368 1849 hominis
380 1788 569 1849 confitentis
584 1787 719 1850 obviant
731 1788 806 1849 sihi.
816 1790 855 1851 Et
867 1789 945 1866 quia
955 1789 1020 1850 rni-

224 1885 405 1946 sericordia
424 1884 552 1946 invenit
579 1884 752 1947 veritatem
772 1886 924 1963 Justitiae,
951 1902 1018 1947 non

222 1981 423 2058 relinquitur
438 1981 531 2042 locus
555 1980 741 2043 calumniae.
758 1984 833 2059 lpsa
846 1981 924 2043 dum
938 1999 1019 2045 con-

223 2078 323 2140 sentit
333 2078 476 2156 jnstitia,
492 2079 564 2155 ipsa
580 2078 613 2139 et
626 2080 903 2155 paxosculantur.
918 2082 958 2142 nt
972 2080 1018 2142 ita

224 2177 382 2252 operante
396 2175 625 2236 misericordia
649 2176 682 2237 et
698 2176 907 2252 permittente
916 2177 1020 2253 justi-

221 2272 270 2334 tia
292 2272 329 2335 nt
352 2272 581 2335 reconciliatio
595 2272 683 2335 inter
710 2275 814 2336 heum
840 2273 873 2336 et
899 2290 1020 2351 pecca-

221 2369 338 2431 torem.

263 2467 367 2529 Pedes
382 2467 441 2529 Dei
461 2468 538 2531 sunt
556 2467 784 2530 misericordia
799 2469 832 2531 et
840 2468 1015 2546 judicium,

224 2579 293 2625 non
314 2564 373 2639 illa
397 2565 720 2643 misericordiaque
742 2566 946 2629 aeternaliter
968 2568 1019 2629 est

221 2659 258 2720 in
286 2662 354 2721 Deo
376 2661 558 2723 secundum
581 2662 667 2740 quod
698 2666 786 2725 Deus
816 2665 947 2726 creator
966 2664 1019 2726 est

222 2756 381 2829 omnium,
394 2757 452 2818 sed
466 2758 632 2836 illaquam
644 2759 761 2822 habuit
773 2777 833 2839 per
847 2762 1020 2839 experien-

222 2852 303 2915 tiam
314 2852 517 2915 infirmitatis
525 2854 696 2929 humanam
712 2857 745 2918 et
754 2858 919 2934 judicium
931 2858 1018 2936 quod

222 2949 336 3011 datum
350 2951 401 3011 est
414 2950 457 3023 ei,
474 2951 552 3027 quia
567 2950 657 3013 illius
671 2952 816 3013 hominis
831 2955 882 3016 est
895 2970 1018 3016 secun·

221 3046 299 3108 dum
320 3046 402 3107 illud
419 3068 427 3108 ε
451 3049 563 3110 Pater
577 3064 646 3110 non
656 3051 793 3121 judicat
812 3066 1018 3127 quemqnam

222 3142 332 3224 (ioan.
350 3160 384 3217 v,
406 3143 473 3223 22),
493 3145 554 3206 His
580 3145 719 3222 pedibus
742 3146 890 3211 ambulat
912 3150 1018 3212 Filius

220 3241 280 3302 Dei
295 3240 352 3319 qui
366 3242 556 3304 miseranda
570 3242 701 3319 etjuste
709 3244 890 3321 judicando
899 3246 941 3307 ad
956 3247 1019 3309 ho-

219 3338 327 3400 mines
341 3338 480 3400 accedit.
505 3341 573 3400 ilos
599 3339 699 3415 pedes
719 3340 826 3403 fidelis
847 3343 1018 3407 osculatur

220 3434 299 3496 dum
311 3450 347 3496 se
361 3451 455 3496 reum
466 3435 622 3513 judicans
635 3437 668 3498 et
678 3437 840 3500 confitens
852 3455 913 3516 per
921 3443 1018 3503 mise·

218 3531 398 3595 ricordiam
410 3532 470 3593 Dei
490 3532 623 3594 reniam
638 3532 680 3595 de
696 3535 842 3612 peccatis
863 3539 1018 3615 assequi-

219 3628 286 3691 tur.

691 267 868 331 HONORII
890 266 935 327 111
956 265 1105 327 OPERA.
1121 296 1159 311 -
1176 266 1409 329 SERMONES.

1818 271 1875 334 864

1109 424 1225 499 Aliter,
1249 427 1319 489 tres
1342 425 1500 488 mulieres
1530 428 1607 490 sunt
1629 428 1700 490 tres
1722 426 1873 504 unaue,

1070 519 1235 596 videlicet,
1249 523 1369 599 gratia,
1383 524 1613 586 misericordia
1626 527 1659 586 et
1672 540 1755 602 pax·
1769 527 1873 589 hiaria

1071 620 1267 696 Magdalena
1288 622 1526 698 interpretatur
1547 622 1725 694 turrensis,
1748 626 1783 686 et
1807 625 1873 701 siq-

1071 719 1186 779 nihcat
1199 717 1340 793 gratiam
1355 718 1488 787 Christi,
1504 735 1578 796 quae
1594 720 1646 781 est
1662 719 1762 781 nobis
1775 722 1874 782 turris

1073 814 1277 877 fortitudinis
1298 831 1319 876 a
1339 814 1425 876 iacie
1450 815 1590 887 inimici,
1612 816 1711 888 idest,
1736 819 1875 880 munitio

1071 911 1124 973 vel
1135 911 1283 973 defensio
1295 911 1390 973 fortis
1403 913 1518 973 contra
1529 914 1726 989 potestatem
1739 914 1874 976 diaboli
1969 924 1971 993 l

1072 1008 1179 1070 Maria
1207 1008 1322 1071 Jacohi
1345 1024 1418 1085 quae
1446 1009 1687 1085 interpretatur
1712 1011 1875 1088 supplan-

1071 1105 1190 1178 tatrix,
1215 1105 1381 1182 significat
1409 1107 1675 1169 misericordiam
1696 1124 1775 1186 quae
1797 1126 1874 1186 snp-

1073 1202 1211 1280 plantat,
1232 1202 1330 1271 idest,
1345 1202 1486 1265 destruit
1509 1205 1684 1281 peccatum
1698 1205 1812 1267 dando
1825 1222 1875 1267 re-

1073 1299 1275 1361 missionem.
1302 1299 1433 1361 Salome
1459 1301 1702 1377 interpretatur
1724 1302 1872 1379 pacifica,

1072 1397 1106 1458 et
1119 1396 1286 1472 significat
1303 1412 1418 1474 pacem
1440 1413 1514 1475 quae
1535 1401 1711 1475 conjungit
1725 1414 1790 1460 nos
1812 1403 1873 1462 Deo

1073 1507 1132 1570 per
1155 1493 1387 1566 obedientiam,
1412 1496 1445 1556 et
1467 1495 1619 1571 proximo
1643 1512 1707 1573 per
1733 1512 1873 1558 concor-

1072 1589 1172 1651 diam.
1195 1592 1242 1651 De
1261 1590 1315 1651 his
1332 1590 1441 1652 tribus
1460 1591 1542 1654 dicit
1558 1592 1740 1669 Apostolus
1764 1594 1874 1655 'limo-
1971 1660 1972 1669 χ

1074 1685 1150 1748 theo
1160 1686 1280 1749 dilecto
1290 1687 1360 1749 illia
1373 1704 1380 1748 :
1393 1689 1526 1761 Gratia,
1537 1692 1798 1762 misertcordta,
1807 1706 1875 1765 pas
1971 1694 1972 1707 ¹

1071 1787 1179 1845 aDeo
1191 1786 1302 1847 Patre
1312 1786 1431 1847 nostro
1444 1783 1575 1865 (Timr,
1587 1784 1634 1865 2).
1645 1789 1709 1848 Hae
1719 1787 1875 1849 mulieres
1971 1818 1972 1861 2

1073 1883 1187 1943 emunt
1198 1882 1358 1954 aromata,
1370 1882 1502 1959 quando
1514 1883 1719 1944 annuntiant
1730 1884 1876 1946 humano

1073 1978 1165 2040 cordi
1188 1979 1351 2056 promissa
1377 1979 1536 2051 coelestia,
1552 1981 1585 2042 et
1598 1981 1743 2042 veniunt
1763 1983 1802 2042 ut
1818 1998 1878 2041 nn-

1072 2075 1151 2151 gant
1166 2077 1290 2148 iesum,
1307 2077 1403 2148 idest,
1416 2076 1587 2139 laetitlcent
1605 2093 1877 2155 unumquemque

1073 2171 1202 2264 fidelem
1223 2174 1453 2235 christianum.
1471 2176 1511 2236 Εῖ
1532 2175 1672 2237 veniunt
1686 2175 1731 2237 ad
1757 2192 1877 2237 monu-

1073 2272 1219 2332 mentum
1233 2271 1305 2333 orto
1313 2274 1385 2349 jam
1404 2272 1486 2345 sole,
1499 2272 1596 2344 idest,
1608 2288 1685 2334 cum
1700 2273 1827 2334 coelum
1839 2273 1877 2335 ab

1072 2368 1211 2430 orientis
1233 2369 1382 2445 partibus
1399 2372 1471 2447 jam
1494 2369 1690 2442 albesceret,
1718 2370 1819 2441 idest,
1839 2370 1878 2433 ad

1072 2480 1131 2527 cor
1161 2466 1320 2527 mundum
1347 2466 1478 2529 Christo
1509 2466 1741 2536 illuminante,
1770 2467 1877 2544 gratia

1072 2562 1164 2623 venit
1176 2562 1285 2625 dando
1299 2564 1466 2634 virtutem,
1480 2564 1712 2626 misericordia
1724 2563 1877 2627 iaciendo

1072 2660 1302 2722 remissionem
1321 2662 1543 2738 peccatorum,
1561 2678 1629 2739 pax
1647 2662 1876 2740 componendo
1972 2736 1973 2745 ξ

1072 2756 1108 2818 in
1123 2757 1362 2836 tranquillitate
1377 2760 1535 2819 animum.

1111 2855 1158 2915 Et
1171 2858 1268 2918 valde
1281 2870 1385 2918 necne
1401 2871 1474 2917 nna
1486 2857 1716 2918 sabbatorum
1734 2858 1876 2919 veniam

1071 2955 1116 3014 aa
1128 2953 1391 3014 mensurantem
1404 2954 1567 3025 ortojam
1578 2958 1659 3025 sote,
1673 2954 1710 3014 et
1723 2954 1876 3016 moroan

1071 3052 1116 3111 aa
1145 3051 1294 3111 inuicem
1309 3070 1317 3110 :
1330 3052 1412 3116 outa
1432 3051 1586 3112 revolvet
1605 3053 1704 3112 nabis
1727 3054 1874 3126 lapidem
1973 3106 1974 3133 ,

1072 3149 1113 3208 ab
1127 3147 1213 3208 ostto
1226 3147 1463 3211 monumenti?
1477 3149 1767 3221 arremarenses
1782 3152 1875 3209 aiae·
1973 3136 1974 3159 ¹

1071 3245 1156 3305 runt
1182 3245 1377 3307 revolutam
1408 3248 1557 3320 lapidem
1582 3243 1703 3324 (Marc.
1730 3261 1804 3317 xvr,
1829 3244 1873 3324 2).

1072 3342 1172 3418 Lapis
1202 3342 1441 3419 superpositus,
1465 3342 1515 3403 est
1540 3341 1666 3404 duritia
1689 3342 1803 3404 cordis
1824 3342 1876 3403 sel
1973 3396 1974 3427 ,

1073 3437 1248 3500 delectatio
1263 3438 1482 3511 carnalitatis,
1496 3453 1593 3516 quem
1608 3438 1688 3516 quia
1702 3439 1876 3501 revolvere

1071 3551 1138 3597 non
1165 3551 1342 3611 possumus
1364 3538 1478 3612 utpote
1499 3536 1656 3597 mulieres
1677 3535 1821 3612 fragiles
1845 3537 1877 3597 et
1973 3586 1974 3605 ,

1071 3632 1235 3705 carnales,
1258 3633 1300 3694 ad
1322 3633 1479 3709 angelum
1499 3633 1613 3709 magni
1634 3633 1773 3695 consilii
1795 3648 1877 3696 roca
1973 3678 1974 3697 2

260 3725 417 3802 Sequitur
432 3742 440 3786 :
456 3726 500 3787 lli
519 3729 598 3790 sunt
620 3744 783 3806 pauperes
799 3730 922 3794 Christi
934 3748 1016 3810 quas
1072 3728 1246 3792 clamanda
1260 3729 1455 3806 dirigamus,
1470 3732 1507 3793 ut
1520 3730 1670 3792 revolvat
1684 3729 1782 3792 nobis
1793 3729 1880 3806 lapi·
1973 3788 1974 3791 ,

218 3819 298 3881 laici
325 3821 477 3898 exemplo
509 3824 625 3884 Mariae
659 3825 865 3900 Magdalenae
897 3829 1018 3892 debent
1071 3827 1157 3897 dem,
1180 3827 1217 3889 ut
1240 3826 1281 3888 ad
1303 3827 1515 3904 sepulchrum
1537 3826 1668 3903 ingredi
1686 3826 1876 3887 valeamus.

219 3932 344 3993 ungere
359 3917 515 3994 operibus
527 3919 672 3995 pietatis,
689 3920 818 3984 dicente
830 3924 1015 4001 propheta:
1071 3923 1165 3985 Licet
1182 3923 1293 3985 autem
1313 3920 1427 3985 nimiae
1450 3923 1625 3999 gravitatis
1646 3923 1691 3985 sit
1706 3922 1797 4000 lapis
1818 3939 1878 3983 su-

217 4017 357 4091 manca
372 4017 677 4089 emmenttpanem
691 4017 800 4090 taam,
815 4034 940 4096 menas
953 4038 1017 4085 aa·
1070 4021 1268 4099 perpositus,
1291 4036 1357 4082 non
1384 4019 1584 4092 diffidamus,
1607 4021 1686 4097 quia
1709 4020 1876 4082 revolutio

218 4124 345 4187 poaque
381 4114 484 4173 induc
516 4115 554 4174 in
587 4116 727 4177 doenum
765 4117 862 4178 taam
864 4160 924 4179 .....
955 4118 1013 4200 (Ιε.
1071 4117 1190 4194 lapidis
1205 4116 1318 4179 nonin
1331 4116 1445 4179 nostra
1457 4116 1611 4179 consistit
1619 4116 1874 4190 deliberatione,

219 4221 312 4279 nvru,
336 4205 383 4286 7).
408 4208 444 4269 Si
460 4206 523 4270 hoe
546 4208 666 4282 iecisti,
689 4211 811 4274 Christi
825 4214 926 4290 pedes
947 4233 1014 4277 un-
1070 4214 1179 4276 sedin
1195 4214 1267 4276 sola
1285 4213 1399 4275 divina
1412 4213 1599 4275 vccahone.
1614 4214 1712 4275 Unde
1727 4213 1872 4277 dicium:

217 4303 308 4366 xisti.
325 4304 430 4383 Caput
451 4307 562 4368 autem
585 4307 708 4371 Christi
726 4308 925 4387 intelligitur
942 4314 1015 4391 ipsa
1070 4312 1135 4374 cito
1150 4311 1187 4374 tit
1199 4311 1338 4373 mutatio
1353 4310 1498 4373 dexterae
1513 4310 1657 4373 hxcelsi.

218 4401 387 4474 divinitas,
404 4403 482 4481 quia
501 4404 682 4466 secundum
710 4408 902 4483 apostolum
917 4412 1016 4488 caput
1113 4409 1153 4471 st
1175 4408 1391 4470 introeuntes
1413 4409 1678 4471 monanaeratum
1709 4408 1873 4472 ciderunt

216 4499 368 4561 mulieris
383 4500 434 4561 est
453 4501 518 4569 vir,
541 4503 640 4578 caput
659 4503 725 4563 viri
737 4503 900 4577 Christus,
916 4510 1015 4583 caput
1061 4509 1229 4579 juvenem
1249 4506 1426 4568 sedentem
1438 4508 1477 4567 tn
1496 4507 1635 4567 destris
1656 4506 1690 4567 et
1714 4508 1875 4581 opernm

217 4595 339 4657 Christi
362 4598 461 4658 Deus.
486 4600 558 4659 Hoc
581 4599 680 4675 caput
699 4599 786 4676 quod
810 4602 861 4664 est
883 4603 1013 4680 princi·
1067 4604 1154 4666 stota
1179 4605 1325 4664 candida
1345 4602 1378 4664 et
1400 4603 1650 4677 obstupuerunt
1665 4602 1789 4682 (Marc.
1804 4619 1873 4677 xva,

215 4691 319 4768 pium,
352 4692 507 4754 monachi
539 4693 661 4758 dehent
692 4712 818 4775 ungere
846 4701 1014 4776 unguento
1067 4698 1113 4779 5).
1126 4702 1207 4763 Tres
1221 4701 1305 4781 sunt
1318 4715 1461 4776 namque
1482 4699 1606 4776 gradus
1630 4700 1786 4762 sedendi.
1800 4702 1875 4763 Pri-

215 4788 515 4864 contemplationis,
528 4791 566 4852 ut
578 4792 721 4853 terrenis
734 4795 925 4871 postpositis
934 4812 1015 4860 evo·
1067 4813 1141 4859 mus
1155 4798 1206 4860 est
1223 4797 1342 4869 minor,
1357 4796 1522 4858 secundus
1537 4799 1655 4875 major,
1672 4799 1797 4861 tertius
1818 4815 1875 4859 sa·

215 4882 284 4944 lent
295 4882 337 4943 ad
352 4884 511 4957 coelestia,
534 4886 575 4947 de
591 4888 714 4950 virtute
732 4889 769 4950 in
782 4891 939 4954 virtutem
952 4910 1012 4956 as-
1067 4910 1210 4971 premus.
1236 4895 1369 4955 Primus
1392 4897 1443 4957 est
1468 4895 1584 4956 sedere
1607 4909 1709 4972 super
1734 4895 1874 4957 flumina

214 4979 403 5051 candentes,
418 4979 523 5043 donec
543 4985 647 5046 Deum
668 4984 805 5047 deorum
823 4988 959 5054 videant
977 4993 1013 5054 in
1066 4991 1256 5069 Babylonis,
1274 4991 1438 5053 secundus
1459 4994 1510 5054 est
1527 4990 1644 5053 sedere
1659 4991 1702 5052 ad
1723 5008 1875 5055 mensam

214 5078 306 5140 Sion.
323 5078 610 5142 Gaeterumclerici
623 5080 878 5162 debentungere
892 5103 1011 5166 corpus
1067 5089 1192 5161 divitis,
1220 5089 1337 5151 tertius
1361 5092 1411 5152 est
1434 5089 1550 5151 sedere
1571 5089 1607 5150 in
1631 5090 1795 5152 navicula
1821 5091 1876 5152 Si-

213 5175 348 5248 Christl,
375 5175 461 5253 quod
487 5177 539 5238 est
563 5179 723 5253 Ecclesia,
750 5182 891 5246 fovendo
919 5186 1011 5248 illam
1066 5185 1185 5247 monis.
1202 5189 1239 5247 ln
1253 5186 1360 5263 primo
1383 5186 1500 5247 sedent
1522 5186 1649 5259 fideles,
1665 5186 1701 5247 in
1722 5187 1875 5249 secundo

212 5271 313 5335 verbo
328 5273 455 5349 pariter
467 5275 500 5336 et
517 5276 681 5354 exemplo,
699 5278 737 5341 ut
754 5278 1010 5345 imitentureum
1061 5286 1213 5360 juvenes,
1229 5283 1264 5344 in
1275 5284 1374 5345 tertio
1389 5298 1498 5345 senes·
1514 5286 1552 5344 In
1565 5283 1674 5360 primo
1698 5285 1826 5357 renati,
1839 5285 1874 5345 in

211 5369 269 5447 qni
284 5370 384 5446 coepit
397 5370 509 5433 iacere
521 5373 696 5445 etdocere,
712 5377 803 5454 quia,
816 5382 875 5452 qut
887 5382 1009 5453 secerni
1066 5380 1212 5443 secundo
1231 5380 1382 5454 litterati,
1401 5381 1437 5442 in
1457 5380 1555 5442 tertio
1576 5380 1719 5458 praelati.
1737 5382 1874 5442 mimus

212 5467 246 5528 et
259 5469 424 5537 docuerit,
439 5472 494 5531 nte
503 5476 839 5548 maarcmcocabttnr
852 5479 890 5537 tn
902 5492 1010 5558 repno
1060 5477 1232 5555 justificat,
1255 5478 1421 5540 secundus
1441 5477 1623 5550 illuminat,
1639 5478 1762 5539 tertius
1789 5495 1875 5540 can·

212 5568 377 5641 amtorem
391 5564 522 5644 (Matth.
539 5585 570 5642 v,
585 5568 632 5649 9).
1065 5577 1217 5637 summat.
1234 5575 1365 5637 Primus
1379 5575 1557 5653 generalis,
1574 5575 1741 5637 secundus
1761 5576 1875 5652 parti-
