3952 6188
86 238 140 307 661
646 237 691 306 ΙΝ
713 242 966 307 NATIVITATE
986 241 1138 305 DOMINI
1159 240 1185 303 1.
1671 241 1731 304 662

87 405 169 473 biii-r,
186 404 425 473 consiiiarius,
444 405 547 474 Deus,
561 404 688 475 Feriis
699 405 810 466 Pater
821 406 880 477 su·
935 404 1070 466 aeterno.
1085 402 1192 464 Hodie
1204 402 1281 464 neta
1296 402 1347 464 θεῖ
1364 397 1538 479 praesentls
1551 399 1725 478 temporis3

87 499 157 559 turi
168 501 298 568 saeculi,
315 500 484 572 Princeps
494 502 602 574 pacis.
620 497 676 579 (is.
697 515 744 573 rx,
758 497 805 581 6.)
935 502 968 563 θῖ
981 501 1057 562 ideo
1071 501 1207 579 ponitur
1220 515 1280 577 pro
1300 500 1495 572 aeternitate,
1518 499 1555 559 in
1574 513 1639 575 qua
1661 513 1727 559 non

124 594 217 655 Licet
244 593 451 657 nativitatem
485 596 617 657 Domini
652 596 766 659 Nostri
800 600 882 660 iesu
936 597 986 658 est
999 613 1061 663 neo
1075 596 1292 673 praeteritum,
1303 612 1365 657 nec
1375 596 1533 667 laturum,
1551 594 1608 655 sed
1622 594 1729 655 solum

88 691 208 755 Christi
230 690 424 754 solemniter
438 693 618 754 secundum
635 710 769 755 carnem
783 694 881 756 hodie
935 709 1093 771 praesens.
1117 694 1302 755 AEternitas
1328 695 1417 755 enim
1440 693 1489 754 sic
1507 690 1727 753 describitur:

87 787 309 861 celebremus,
325 789 394 851 tres
422 790 532 851 tamen
558 791 749 853 nativitates
775 791 881 868 ipsius
933 790 1118 853 AEternitas
1139 791 1190 852 est
1209 790 1468 853 interminabilis
1486 790 1564 853 vitae
1578 800 1730 866 compre-

87 902 127 947 ex
145 884 338 947 testimonio
361 887 472 947 Sacrae
498 886 679 965 scripturae
705 903 880 966 possumus
935 889 1051 950 hensio
1066 888 1135 949 tota
1148 887 1257 949 simul.
1274 885 1399 967 (Boet.)
1411 890 1523 950 Hodie
1543 903 1605 965 epo
1625 888 1730 964 centii

87 981 274 1057 adsignare.
288 982 395 1045 Natus
410 984 459 1046 est
474 984 563 1044 enim
585 983 691 1056 nobis,
706 1001 750 1047 ex
771 984 877 1057 nobis,
935 987 978 1058 te,
1001 984 1088 1047 idest
1107 984 1320 1048 aeternaliter.
1347 985 1440 1047 Unde
1462 985 1567 1046 isaias
1588 1000 1595 1041 =
1619 988 1730 1046 Gene-

87 1079 119 1141 in
133 1077 228 1140 nobis
241 1079 297 1141 vel
320 1095 420 1156 supra
435 1096 506 1141 nos.
528 1081 640 1143 Prima
658 1081 816 1144 nativitas
830 1082 881 1143 est
934 1084 1107 1146 rationem
1118 1086 1194 1156 ejus
1207 1086 1284 1157 quis
1298 1084 1476 1145 enarrabit
1489 1085 1503 1142 i
1518 1080 1575 1162 (is.
1592 1097 1664 1154 mn,
1680 1079 1728 1160 8.)

87 1176 209 1251 divina3
222 1176 370 1238 secunda
388 1177 549 1254 earnalis;
565 1179 664 1241 tertia
677 1179 873 1254 spiritualis.
935 1182 1115 1244 Oaititmio
1129 1181 1333 1242 divitiorum
1345 1180 1537 1255 sapientire,
1562 1180 1596 1240 et
1616 1181 1730 1240 scien·

87 1273 195 1335 Prima
226 1275 281 1336 θεῖ
313 1275 454 1350 aeterna3
490 1276 636 1338 secunda
669 1276 878 1353 temperans,
935 1278 993 1339 iim
1022 1280 1096 1350 Dei,
1127 1292 1231 1352 quam
1263 1278 1621 1351 incomprehensibilia
1647 1275 1729 1365 sunt

87 1370 180 1433 tertia
198 1372 252 1433 est
269 1372 425 1448 gratuita.
448 1373 554 1435 Natus
579 1374 630 1435 est
657 1372 753 1435 nobis
776 1375 879 1435 aeter·
926 1377 1062 1447 judicia
1097 1377 1183 1447 ejus,
1211 1375 1246 1436 et
1271 1376 1523 1450 irenesiipobiles
1550 1374 1727 1443 nicecius.

87 1468 202 1529 naliter
216 1483 262 1529 ex
276 1468 386 1530 Patre.
414 1470 520 1531 Natus
543 1470 595 1531 est
619 1487 663 1532 ex
685 1469 781 1532 nobis
795 1471 881 1532 tem-
935 1469 1045 1549 (Rom.
1056 1485 1104 1543 m,
1119 1468 1186 1548 33.)
1200 1473 1279 1533 Noti
1292 1472 1400 1533 citum
1413 1484 1549 1544 sapere,
1560 1472 1620 1530 sci
1633 1469 1726 1529 time:

87 1564 242 1641 poraliter
269 1565 310 1627 de
335 1567 456 1641 Matre;
484 1567 517 1629 et
546 1568 696 1629 nascitur
722 1567 759 1628 in
784 1567 880 1629 nobis
935 1565 1044 1646 (Rom.
1060 1584 1107 1641 xr,
1130 1566 1197 1646 20.)
1217 1567 1279 1630 Hic
1294 1584 1372 1643 ergo
1388 1567 1539 1628 Christus
1559 1566 1611 1627 θεῖ
1624 1564 1682 1624 lux
1696 1564 1729 1624 et

88 1660 304 1737 spiritualiter
338 1662 506 1725 infusione
530 1664 658 1740 gratiae.
693 1665 879 1727 Secundum
934 1664 1082 1735 lucerna,
1107 1664 1219 1726 lumen
1240 1665 1388 1740 genitum
1408 1680 1428 1726 a
1452 1664 1551 1725 Patre
1569 1677 1636 1722 non
1657 1660 1729 1721 fac-

86 1757 293 1820 nativitntem
304 1760 475 1828 aeternam,
486 1761 636 1823 Christus
646 1759 880 1838 habetpatrem
933 1763 1014 1834 tum,
1031 1762 1158 1841 aequale
1181 1778 1246 1822 non
1272 1761 1443 1832 dissimile,
1467 1760 1508 1827 de
1532 1773 1596 1836 quo
1621 1760 1729 1834 Apos-

87 1854 154 1916 sine
173 1857 298 1932 matre,
321 1858 503 1919 secundum
523 1857 714 1931 humanam,
729 1859 879 1920 Christus
933 1859 1019 1921 tolus
1034 1860 1103 1921 ait:
1120 1862 1274 1926 Quicum
1298 1859 1345 1921 sit
1367 1861 1528 1933 splendor
1547 1859 1678 1933 pterim,
1694 1856 1727 1915 ct

88 1950 181 2014 babet
202 1954 343 2016 matrem
365 1954 437 2017 sine
458 1956 571 2032 patre;
595 1955 776 2017 secundnm
795 1971 878 2031 gra-
932 1958 1048 2033 ficara
1060 1957 1263 2019 sicistontiae
1276 1959 1414 2029 ejus.....
1427 1953 1541 2033 (Hebr.
1558 1969 1581 2026 1,
1592 1950 1640 2031 3.)

88 2047 212 2122 tultam,
227 2050 377 2113 Christus
397 2051 497 2113 habet
519 2068 679 2125 sorerem,
696 2051 832 2114 fratrem
847 2053 880 2116 θῖ
974 2053 1137 2131 Splendor
1150 2053 1266 2129 gloriae
1282 2053 1370 2112 tilius
1385 2052 1436 2113 est
1454 2052 1533 2128 quia
1547 2049 1598 2110 est
1616 2050 1727 2110 lumen

85 2146 232 2219 matrem,
244 2148 318 2225 ipso
334 2148 511 2210 attestante
522 2150 580 2226 qui
590 2150 637 2212 ait
650 2166 658 2205 ε
671 2152 879 2223 Quicumque
933 2150 974 2212 de
987 2149 1125 2212 lumine.
1140 2151 1226 2211 Nam
1244 2148 1352 2225 gloria
1372 2148 1482 2209 Patris
1495 2148 1545 2209 est
1557 2146 1662 2207 Filius
1673 2161 1729 2206 sa-

83 2243 200 2315 ieeerii
213 2247 425 2307 coticntctcm
436 2247 559 2308 Patris
571 2249 652 2318 mei,
663 2250 721 2320 qui
735 2250 772 2308 in
788 2250 880 2308 coetis
933 2248 1028 2324 piens
1052 2247 1217 2319 nonalia,
1246 2246 1303 2307 sed
1329 2246 1444 2306 eadem
1465 2261 1539 2307 cum
1562 2246 1673 2315 Patre,
1696 2244 1730 2304 et

81 2341 140 2411 esi,
167 2344 247 2412 ipse
260 2357 361 2402 niens
374 2343 499 2414 irater,
521 2342 555 2402 ei
578 2356 692 2414 soror,
717 2343 752 2403 et
765 2344 880 2403 nsoter
935 2358 1009 2405 cnm
1024 2346 1164 2421 utroque
1180 2342 1323 2419 Spiritus
1339 2342 1490 2405 Sanctus.
1516 2343 1625 2414 Quare
1644 2339 1729 2400 dici-

78 2437 137 2497 est.
152 2434 292 2515 (Matth.
308 2452 370 2509 111,
386 2436 453 2515 50.)
934 2456 1042 2501 mus:
1068 2439 1176 2516 gloria
1207 2439 1300 2501 Patri
1335 2439 1368 2500 et
1402 2438 1487 2499 Filio
1525 2438 1558 2500 et
1589 2435 1728 2513 Spiritui

114 2527 181 2593 Sed
206 2533 309 2593 nobis
338 2549 381 2594 ex
410 2536 510 2596 Patre
537 2536 635 2596 natus
660 2536 711 2597 θεῖ
736 2551 877 2611 semper,
936 2536 1067 2597 Sancto.
1094 2536 1187 2598 Unde
1208 2551 1274 2596 non
1302 2535 1470 2596 dicimus:
1490 2534 1598 2610 gloria
1622 2533 1725 2604 Patri,

76 2628 170 2700 idest,
199 2628 250 2690 ab
276 2631 411 2692 aeterno.
435 2632 597 2702 Quoniam
623 2632 682 2692 illa
708 2633 879 2708 generatio
934 2636 968 2695 et
987 2633 1094 2709 gloria
1116 2632 1213 2701 Filio,
1236 2632 1375 2708 repetito
1396 2630 1515 2706 verbo;
1545 2631 1603 2691 sed
1624 2628 1726 2690 semel

79 2742 139 2786 non
152 2724 262 2788 habet
274 2727 417 2799 initium,
436 2744 497 2788 nec
512 2728 612 2789 habet
626 2729 736 2789 linem.
753 2731 799 2790 De
815 2744 879 2805 qua
934 2731 1020 2792 dioto
1054 2730 1161 2806 gloria
1197 2729 1305 2800 Patri,
1342 2729 1375 2789 et
1409 2729 1495 2789 Filio
1522 2729 1556 2790 et
1588 2725 1727 2804 Spiritui

79 2824 173 2885 Pater
211 2823 268 2884 nit
306 2824 347 2883 ad
382 2825 504 2885 Filium
535 2848 542 2885 ε
574 2827 663 2886 Anie
696 2829 878 2900 inciserunt
934 2828 1066 2897 Sancto,
1090 2827 1167 2904 quia
1190 2842 1255 2887 una
1277 2827 1328 2888 est
1358 2826 1466 2901 gloria
1487 2826 1604 2897 trium,
1639 2826 1727 2887 sicut

85 2924 179 2995 peristi
195 2922 243 2981 ie.
263 2919 333 2997 (Ps.
359 2922 425 2990 loe,
445 2920 495 2999 3);
521 2922 616 2995 idest,
630 2922 672 2981 ab
694 2923 877 2984 aeternitate
932 2940 999 2984 una
1034 2924 1190 3000 majestas
1227 2924 1260 2984 et
1300 2939 1366 2984 una
1400 2923 1555 2985 voluntas
1558 2966 1618 2983 .....
1651 2925 1725 2999 Ipse

90 3016 268 3078 exocculta
290 3018 324 3078 et
344 3018 472 3079 secreta
487 3017 670 3079 substantia
686 3036 761 3080 moa
776 3020 877 3095 genili
931 3022 1019 3083 enim
1035 3021 1139 3082 Filius
1164 3023 1213 3083 est
1234 3021 1294 3081 Dei
1315 3022 1435 3092 virtus,
1460 3021 1494 3081 et
1514 3021 1573 3081 Dei
1591 3020 1726 3095 sapien-

90 3116 127 3184 te,
143 3114 303 3190 acqualem
323 3117 356 3175 et
370 3114 685 3176 consubstantialem
706 3117 800 3176 mihi.
817 3117 876 3177 Vel
931 3118 988 3191 tia,
1012 3117 1232 3195 primogenita
1262 3119 1340 3177 ante
1366 3132 1497 3178 omnem
1526 3116 1724 3187 creaturam,

92 3210 161 3272 ante
185 3211 361 3272 lucilerum
387 3212 487 3287 genui
512 3213 557 3285 te,
585 3213 672 3274 idem
700 3215 732 3275 te
759 3230 802 3273 ex
825 3230 877 3274 me
932 3233 1016 3292 quae,
1039 3216 1122 3276 teste
1136 3214 1323 3286 Salomone,
1340 3213 1475 3287 attingit
1496 3228 1515 3273 a
1535 3213 1600 3272 tine
1622 3227 1726 3288 usque

90 3309 182 3381 genui
204 3309 282 3370 ante
306 3310 467 3385 tempora,
492 3325 589 3387 quem
616 3325 660 3370 ex
684 3310 822 3385 Virgine
846 3314 878 3371 et
931 3311 1092 3373 adfinem
1115 3311 1256 3381 sortiter,
1289 3310 1322 3371 et
1342 3309 1487 3385 disponit
1513 3308 1623 3368 omnia
1647 3324 1727 3371 sua-

91 3406 174 3465 nasci
195 3408 228 3467 et
245 3405 337 3480 gigni
359 3406 451 3467 volui
475 3407 510 3466 in
532 3408 690 3483 tempore.
718 3408 779 3467 Vel
801 3408 877 3467 ante
931 3409 1029 3469 viter.
1043 3407 1105 3468 Hic
1127 3406 1230 3468 nilne
1255 3406 1422 3483 usquead
1444 3406 1553 3478 tinem,
1579 3405 1665 3466 idest
1685 3405 1726 3466 ab

91 3501 267 3575 luciferum,
291 3503 386 3575 idest,
415 3504 492 3564 ante
515 3505 645 3580 tempus
670 3503 724 3564 vel
744 3504 877 3565 initium
932 3505 1049 3566 ultimo
1075 3505 1158 3566 coelo
1191 3519 1296 3581 usque
1324 3504 1366 3565 ad
1397 3503 1565 3564 internum
1595 3502 1728 3578 attingit

91 3599 237 3677 temporis
257 3601 361 3676 genui
375 3601 408 3661 te
430 3600 590 3679 aequnlem
605 3601 637 3662 et
658 3600 878 3662 consubstan-
931 3601 1076 3673 sortiter,
1106 3600 1292 3676 dejiciendo
1329 3599 1488 3677 superbos
1513 3598 1658 3674 Angelos
1686 3598 1726 3661 de

90 3696 191 3759 tialcm
206 3698 302 3770 mihi,
319 3698 398 3776 qiua
413 3697 515 3760 totam
533 3697 752 3759 substantiam
767 3699 877 3760 Patris
932 3699 1048 3759 ultimo
1063 3698 1157 3770 coelo,
1178 3698 1266 3759 sicut
1291 3698 1372 3759 dicit
1395 3697 1499 3759 isaias
1524 3715 1532 3752 z
1556 3699 1727 3764 eatomoco

91 3792 179 3857 habet
198 3795 306 3856 Filius
327 3798 361 3857 et
388 3795 464 3857 ideo
490 3797 567 3857 sunt
592 3796 739 3872 eJusdem
767 3797 879 3872 potes-
930 3796 1092 3867 cecidisti,
1109 3798 1258 3869 Lucifer,
1272 3798 1313 3857 cie
1327 3800 1420 3867 creto,
1437 3799 1496 3869 qni
1512 3811 1616 3856 inciae
1635 3799 1728 3856 orie-

91 3890 160 3953 tatis
174 3894 205 3955 et
219 3893 433 3969 aequalitatis,
448 3893 535 3954 sicut
546 3892 626 3953 alibi
650 3892 876 3955 diciturzFi-
932 3897 1035 3954 boris.
1066 3889 1124 3970 (Is.
1153 3908 1223 3964 xiv,
1248 3889 1313 3970 12.)
1348 3893 1390 3954 nt
1423 3892 1593 3954 educendo
1618 3893 1727 3968 justas

91 3991 148 4051 tius
159 4006 256 4052 incias
268 4005 306 4052 es
318 3992 367 4062 tn,
388 4005 449 4068 epo
463 3994 561 4053 nodie
581 3994 686 4067 pertici
701 3992 745 4052 te.
763 3990 831 4069 (Ρε.
843 3992 874 4062 2,
930 3990 1060 4051 animas
1082 3989 1123 4051 de
1143 3990 1286 4062 interno,
1310 3990 1398 4051 sicut
1420 3989 1501 4050 dicit
1521 3988 1724 4048 Zacharias:

91 4085 236 4164 illidius
246 4087 873 4159 meusesinconsubstantialis,coaeter·
931 4091 1155 4164 intentamente
1171 4088 1370 4148 testamenii
1388 4087 1438 4148 tui
1460 4086 1582 4146 educit
1595 4086 1727 4145 virtctos

92 4199 146 4244 nus
155 4186 386 4263 etcoaequalis
399 4185 708 4258 consubstantialis,
721 4201 780 4261 per
792 4188 877 4261 ejus·
930 4189 971 4245 de
992 4190 1067 4245 lecu
1101 4187 1227 4255 interce,
1261 4187 1298 4244 in
1327 4199 1393 4256 qno
1420 4198 1490 4243 raon
1519 4183 1597 4243 eret
1624 4196 1726 4254 conc.

91 4281 155 4342 dem
166 4286 292 4345 naturae
303 4282 607 4361 participationem
624 4283 809 4344 coaeternus
817 4298 877 4359 per
931 4280 1043 4359 (zach.
1060 4295 1107 4351 1x,
1123 4277 1187 4358 11).
1204 4283 1243 4342 Εῖ
1255 4280 1367 4340 omnia
1380 4296 1453 4355 quae
1466 4278 1543 4339 sunt
1563 4278 1650 4338 inter
1664 4292 1728 4337 coe·

91 4377 245 4443 inlinitum
272 4380 522 4441 diuturnitatem
554 4379 625 4439 sive
651 4380 873 4455 mansionem;
932 4379 1000 4438 lum
1026 4377 1059 4437 et
1079 4375 1260 4447 internum,
1291 4375 1437 4450 disponit
1458 4375 1615 4445 suaviter,
1638 4373 1730 4432 redi-

92 4479 272 4554 coaequalis,
286 4494 346 4554 per
355 4477 503 4538 eamdem
515 4476 721 4553 potestatem.
738 4475 877 4550 Propter
931 4473 1049 4535 mendo
1068 4473 1220 4543 miseros,
1237 4472 1269 4532 et
1290 4473 1481 4547 peccatores
1499 4468 1724 4546 jnstiiicando,

92 4572 220 4646 primum
233 4575 374 4636 dicitur:
387 4578 459 4650 Epo
474 4574 507 4635 ct
520 4574 730 4635 Potcrmms
743 4587 874 4634 suanos.
931 4572 987 4649 qni
997 4586 1057 4648 per
1071 4569 1265 4647 prophetam
1277 4567 1456 4630 ieremiam
1474 4566 1555 4628 dicit
1570 4587 1577 4625 ε
1595 4569 1725 4628 Coetnm

93 4666 191 4745 (ioan.
204 4660 321 4751 ’1,30),
342 4672 437 4743 idest,
454 4670 604 4731 eamdem
626 4670 778 4731 naturam
792 4685 875 4746 par·
930 4670 965 4731 et
980 4670 1114 4730 terram
1133 4682 1197 4743 epo
1215 4669 1348 4741 impleo.
1371 4662 1453 4743 (Jer.
1476 4679 1574 4737 1111111,
1597 4663 1664 4743 24.)
1686 4664 1726 4726 Εῖ

94 4765 274 4845 ticipamns,
300 4770 387 4831 sicut
412 4768 517 4830 solet
544 4767 658 4829 radius
682 4767 739 4844 qui
763 4767 833 4828 exit
856 4783 876 4828 a
931 4766 1035 4827 David
1062 4787 1069 4824 ε
1092 4766 1330 4827 Siasccnderc
1350 4766 1522 4824 incretum
1545 4762 1582 4823 iu
1597 4766 1726 4834 illices,

94 4863 154 4925 sole
169 4869 242 4930 sunt
258 4866 404 4944 ejusdem
429 4865 568 4926 naturae.
596 4866 736 4941 Propter
756 4880 878 4925 secun·
929 4868 961 4926 si
968 4865 1175 4925 descendero
1183 4865 1219 4922 in
1229 4864 1405 4935 infernum
1415 4865 1507 4922 acies.
1519 4859 1588 4939 (Ρε.
1599 4861 1668 4931 138,
1680 4858 1726 4938 8.)

94 4957 162 5021 dum
180 4964 318 5026 dicitur:
333 4966 408 5038 Ipsi
418 4963 598 5037 periuram·
614 4964 652 5022 tn
666 4962 783 5022 nartem
793 4977 877 5036 pcr—
972 4960 1138 5037 Sequitur.
1163 4962 1222 5020 En
1237 4962 1332 5020 riobis
1346 4975 1358 5018 .·
1379 4958 1535 5019 videlicet
1557 4957 1597 5018 de
1620 4957 1727 5017 Matre

93 5059 389 5141 nmrtes.(llebr.1,
414 5056 479 5137 11.)
503 5057 638 5119 Etalibi
661 5075 668 5113 :
692 5062 876 5133 Identipsc
931 5060 1028 5119 natus
1061 5058 1111 5118 est
1139 5056 1251 5127 semel,
1280 5055 1437 5132 quoniam
1461 5055 1521 5116 ilie
1555 5053 1728 5129 generatio

94 5167 136 5226 cs,
152 5158 184 5217 et
203 5162 287 5219 ninii
302 5160 353 5219 tui
376 5171 445 5218 non
466 5156 623 5229 deficient
642 5152 874 5235 (Ηθ111.1,12.)
931 5158 981 5217 θεῖ
992 5156 1150 5226 bumana,
1165 5154 1205 5214 de
1229 5169 1294 5230 qua
1314 5148 1394 5215 dicit
1408 5153 1512 5213 lsnias
1534 5151 1700 5226 Propheta
1717 5171 1724 5209 ε

129 5254 261 5331 Propter
281 5255 415 5317 tertium
431 5253 511 5314 dicit
526 5252 655 5313 Filius:
678 5253 795 5314 Omnis
813 5268 878 5327 po·
930 5258 1017 5315 Ecce
1048 5256 1150 5328 i'irpo
1174 5254 1211 5311 in
1241 5251 1341 5312 attero
1362 5250 1529 5323 conscipict
1552 5248 1585 5308 ei
1609 5247 1727 5320 periet

93 5347 190 5412 testes
204 5354 285 5413 doto
298 5357 346 5413 cst
367 5354 451 5412 mini
465 5367 487 5411 a
515 5351 623 5410 Patre
636 5364 723 5410 meo.
742 5348 874 5426 (liatth.
932 5353 1069 5412 Filium.
1092 5346 1148 5427 (is.
1170 5363 1231 5419 vn,
1250 5345 1315 5425 11.)
1337 5346 1488 5405 Christus
1508 5341 1678 5402 descendit
1692 5340 1726 5401 in

95 5458 203 5521 111111,
227 5448 291 5528 18.)
316 5448 493 5525 Sequitur:
511 5449 578 5522 ligo
602 5445 700 5507 hodie
716 5447 815 5522 genui
831 5448 874 5508 te.
932 5448 1082 5517 Matrem,
1100 5445 1156 5506 sed
1172 5443 1334 5505 remansit
1348 5458 1421 5501 cum
1442 5440 1553 5500 Patre.
1576 5437 1728 5513 Suscepit

95 5541 155 5619 Ego
167 5546 263 5608 Pater
274 5546 373 5622 genui
395 5546 427 5608 ῖθ
449 5543 569 5606 Filium
596 5543 705 5614 hodie,
732 5544 816 5606 idest
835 5544 876 5606 ab
932 5543 1182 5614 hitnaanitntem,
1209 5540 1263 5602 sed
1290 5534 1427 5599 retinuit
1449 5534 1616 5596 deitatem.
1641 5535 1727 5596 Nam
