3952 6188
237 260 298 322 tre
702 260 880 325 aenean
901 263 948 324 111
968 264 1117 328 OPERA.
1134 293 1173 310 -
1188 263 1421 330 SERMONES·
1836 264 1896 331 78]

237 417 301 480 bus
316 417 388 496 ipsa
401 420 631 499 principaliter
649 416 813 498 subsistit3
828 420 966 496 scillcet,
981 424 1033 486 vis
1087 422 1229 496 excidet,
1242 422 1300 485 sed
1310 416 1510 501 perficietur.
1522 423 1636 488 'tertia
1648 423 1717 488 erit
1726 427 1894 490 memoria

238 516 413 578 rationalis
432 533 493 595 per
513 534 611 596 quam
631 518 791 583 discernit
803 519 894 582 tuter
910 519 1033 581 bonum
1087 523 1160 583 sine
1174 520 1352 595 oblivione,
1367 521 1420 583 vel
1436 520 1612 583 delectatio
1627 523 1703 584 sine
1714 522 1896 586 intermis-

239 615 272 675 et
284 614 418 685 malum,
439 616 490 677 vis
505 615 685 678 irascibilis
703 617 735 679 et
756 616 942 694 despiciens
961 633 1035 679 ma·
1087 619 1191 684 sione.
1208 618 1285 697 quia
1298 619 1354 697 qui
1367 619 1402 680 in
1417 619 1577 681 memoria
1590 619 1718 682 aeterna
1734 621 1799 681 Dei
1815 623 1892 696 erit,

239 711 320 783 lum,
343 715 377 774 et
393 713 444 774 vis
464 713 732 791 concupiscibilis
754 730 813 791 per
835 730 934 791 quam
952 731 1034 777 con·
1086 716 1158 794 ipse
1170 718 1362 793 perpetuam
1376 716 1511 779 babebit
1520 718 1717 778 memoriam
1734 719 1770 779 et
1784 718 1895 781 deleo·

238 809 388 885 cupisset
407 809 541 871 bonnm.
571 811 611 873 st
637 813 704 872 tam
728 812 908 873 irascibilis
933 827 1032 888 quam
1085 814 1244 876 udonem
1261 813 1600 890 deDeo,juxtaillud
1616 814 1769 875 Psalmi:
1785 818 1893 878 Beati

238 907 509 984 concupiscibilis
535 909 587 969 vis
612 909 744 970 videtur
773 923 846 971 esse
873 910 909 970 in
934 908 1032 972 bruto
1085 914 1144 986 qui
1161 912 1316 974 tabitam
1330 914 1367 972 tn
1381 913 1481 972 domo
1496 912 1568 983 tua,
1589 915 1753 989 Domine,
1769 916 1894 975 tuem-

239 1005 387 1077 animali,
404 1005 482 1082 quia
496 1006 627 1067 brutum
645 1006 770 1067 animal
782 1007 816 1069 et
829 1007 987 1069 irascitur
999 1008 1034 1069 et
1085 1012 1161 1070 culo
1182 1013 1400 1080 sacculorum,
1422 1009 1609 1069 madebunt
1628 1009 1662 1071 tc
1686 1007 1761 1088 (Ps.
1773 1010 1827 1082 83,
1843 1009 1889 1090 5),

238 1102 442 1179 concupiscit
455 1103 632 1164 interdum.
1086 1105 1605 1180 eopuouecumoontsanotnn
1616 1109 1892 1182 morinensem·

278 1201 317 1260 Et
329 1199 414 1260 torte
432 1200 511 1277 quia
531 1202 658 1264 sanitas
682 1203 740 1262 aut
761 1200 938 1264 infirmitas
956 1216 1033 1263 oon
1086 1203 1214 1264 cuneo
1225 1204 1263 1263 tn
1275 1204 1481 1264 molembois
1493 1200 1648 1281 euta(Ps.
1666 1203 1740 1275 149,
1756 1203 1805 1282 5).

238 1296 329 1373 poris
351 1297 503 1359 consistit
520 1298 556 1360 in
583 1299 740 1377 quatuor,
766 1298 887 1360 animae
911 1299 948 1360 in
969 1300 1033 1361 tri-
1127 1298 1261 1361 Etiorte
1269 1299 1406 1377 quodex
1416 1298 1776 1376 conuptioneillarem
1788 1301 1887 1363 trium

236 1391 309 1465 bus,
337 1393 375 1455 ut
402 1395 638 1472 praediximus,
662 1394 741 1457 inde
760 1396 811 1458 est
831 1395 919 1473 prod
946 1396 1032 1458 stola
1085 1396 1290 1458 naturalium
1315 1396 1539 1473 potentiarum
1571 1397 1680 1473 surgit
1705 1396 1887 1460 infirmitas

238 1492 389 1569 corporis
410 1493 534 1554 dicitur
551 1490 662 1555 lutura
677 1493 713 1555 in
728 1497 871 1570 quatuor
884 1495 1034 1572 proprie·
1085 1493 1218 1567 animae,
1233 1493 1330 1566 idest,
1358 1495 1541 1571 peccatum,
1563 1492 1641 1555 ideo
1659 1493 1733 1556 iere
1757 1510 1887 1574 semper

236 1588 361 1651 tatibus
378 1591 528 1667 corporis
546 1590 735 1667 glorificati,
750 1593 782 1653 et
801 1592 886 1654 stola
910 1593 1031 1654 animae
1085 1591 1256 1669 peccatum
1270 1591 1305 1652 in
1322 1590 1493 1668 Scriptura
1507 1591 1669 1653 dividitur
1689 1608 1754 1668 per
1772 1594 1886 1655 terna-

236 1686 468 1765 principaliter
481 1688 517 1748 iu
531 1687 648 1750 tribus.
665 1691 769 1750 Erunt
783 1690 872 1750 enim
889 1691 1031 1767 quatuor
1085 1689 1183 1750 rium.
1197 1690 1374 1750 Peccatum
1393 1689 1483 1750 enim
1497 1688 1588 1750 aliud
1602 1689 1786 1765 originale,
1799 1690 1885 1753 aliud

237 1784 440 1860 principales
459 1785 552 1846 dotes
578 1785 727 1863 corporis
747 1786 936 1862 glorificati,
959 1787 1030 1848 sci·
1084 1785 1228 1858 reniale,
1243 1785 1334 1847 aliud
1349 1786 1481 1848 actuale
1492 1787 1527 1848 et
1541 1786 1695 1848 mortale.

236 1879 316 1941 licet
330 1881 507 1955 subtilitas,
523 1883 668 1958 agilitas,
683 1883 849 1960 splendor,
867 1885 901 1946 et
912 1884 1032 1962 impas-
1125 1883 1302 1946 Peccatum
1322 1883 1487 1960 originale
1511 1884 1661 1961 estquod
1675 1883 1829 1946 trabitur
1846 1885 1885 1948 ab

236 1977 392 2051 sibilitas,
405 1981 504 2056 juxta
518 1980 826 2058 illuminaremur
835 1983 926 2054 justi
941 1982 1031 2044 stent
1085 1980 1226 2057 origine.
1261 1982 1349 2042 Nam
1383 1981 1515 2060 quando
1548 1982 1661 2044 anima
1698 1981 1885 2045 infunditm

235 2080 285 2137 sot
299 2079 335 2137 in
350 2091 458 2153 regno
471 2079 594 2140 Putris
606 2082 687 2151 mci,
706 2079 740 2140 et
755 2079 919 2154 tunquam
932 2083 1030 2142 sota·
1084 2078 1189 2151 carni,
1203 2079 1237 2140 et
1250 2077 1463 2156 corruptione
1486 2078 1599 2140 carnis
1622 2082 1886 2158 corrumpuntur

236 2173 316 2235 tus
329 2176 368 2236 in
381 2176 589 2237 arundineto
600 2177 797 2239 discurrent
809 2174 903 2255 (Sap.
919 2192 970 2250 111,
981 2175 1026 2257 7).
1084 2174 1152 2237 illae
1184 2176 1355 2237 naturales
1385 2175 1565 2254 potentiae,
1601 2177 1636 2238 ot
1668 2177 1752 2238 inde
1781 2177 1884 2240 trabit

234 2270 421 2347 Fulgebunt
432 2276 725 2351 perspicaciorem,
733 2274 820 2335 siout
833 2275 883 2336 sol
898 2276 1031 2352 perim-

235 2368 490 2432 mutabilitatem
519 2372 589 2432 sive
616 2371 928 2449 impassibilitatem,
951 2373 1030 2450 quia

236 2464 286 2527 sol
299 2466 334 2528 in
347 2484 409 2528 sua
424 2471 546 2530 natura
562 2470 614 2531 est
627 2468 844 2532 immutabilis
858 2471 893 2531 et
905 2469 1031 2548 impas-

234 2563 353 2625 sibilia.
367 2567 537 2644 Tanquam
550 2567 704 2629 scintillae
719 2582 779 2644 per
793 2566 1027 2640 oubtdttatem,

235 2660 423 2726 discurrent
433 2680 493 2741 per
507 2664 708 2741 agilitatem.
721 2666 789 2725 Has
801 2665 944 2743 quatuor
957 2681 1031 2742 pro·

234 2759 393 2836 prietates
417 2760 594 2835 glorificati
611 2762 771 2838 corporis,
794 2762 830 2823 iu
849 2776 1030 2839 argumen-

233 2857 361 2919 tatione
387 2857 507 2920 iuturae
531 2857 795 2933 glorificationis,
820 2860 853 2920 et
872 2859 908 2920 in
927 2876 1028 2923 carne

233 2956 368 3018 mortali
409 2955 559 3017 Christus
603 2955 768 3017 ostendit:
812 2957 1026 3031 claritatem,

235 3054 367 3133 quando
386 3069 423 3115 se
447 3053 699 3129 transfiguravit
719 3052 755 3113 in
774 3054 885 3115 monte
904 3055 937 3116 et
950 3070 1027 3116 res-

234 3152 387 3231 plenduit
402 3151 505 3214 iacies
521 3154 593 3230 eJus
604 3148 689 3213 sicut
703 3150 772 3227 sol;
792 3152 1025 3226 subtilitatem,

233 3250 365 3330 quando
377 3250 492 3313 clauso
504 3248 677 3325 signaculo
692 3248 850 3325 virginali
869 3249 1027 3327 tanquam

233 3366 375 3427 sponsus
393 3348 557 3428 processit
583 3346 624 3408 de
643 3345 790 3409 thalamo
811 3362 895 3423 su03
922 3350 1027 3424 aaut·

232 3450 351 3521 tatem,
364 3448 434 3509 sive
453 3446 633 3514 levitatem,
649 3442 781 3521 quando
793 3458 894 3520 super
907 3459 1026 3522 aquam

232 3546 323 3608 sicco
350 3543 491 3621 vestigio
522 3540 757 3619 pertransivit,
771 3543 1029 3616 impossibilita-

233 3646 313 3714 tcm,
329 3641 461 3721 quando
480 3655 600 3718 corpus
618 3638 650 3700 et
670 3637 866 3714 sanguinem
881 3639 1026 3700 suumin

231 3756 327 3804 ooena
354 3737 526 3816 discipulis
552 3735 680 3807 tribuit,
710 3733 862 3811 quamvis
890 3734 1028 3798 eviden-

231 3838 328 3904 tioris
343 3833 497 3896 miraculi
511 3832 622 3905 tuerit,
637 3833 666 3893 si
681 3830 745 3893 boc
759 3832 832 3893 sine
852 3831 921 3894 illis
939 3834 1028 3895 doti-

229 3937 292 4000 bus
306 3933 436 4013 agebat.

270 4037 351 4097 Tres
366 4031 476 4093 autem
498 4027 595 4090 erunt
618 4024 819 4103 principales
837 4024 930 4087 dotes
944 4027 1024 4087 ani-

228 4149 304 4204 mae,
319 4128 485 4199 videlicet,
504 4123 650 4201 cognitio
666 4123 739 4186 sine
758 4138 884 4197 errore,
901 4139 1024 4186 secun-

1084 2273 1195 2334 enima
1222 2272 1398 2350 quamdam
1424 2272 1589 2335 maculam
1615 2276 1651 2336 et
1678 2273 1882 2349 iaeditatem,

1084 2384 1158 2448 quae
1170 2370 1277 2432 inlicit
1287 2386 1373 2445 eam,
1390 2370 1494 2433 donec
1517 2371 1674 2433 abluatur
1690 2373 1726 2434 et
1738 2373 1883 2435 munde-
1963 2388 1964 2395 ¹

1084 2468 1138 2529 tur
1151 2467 1194 2530 ab
1217 2468 1275 2530 illa
1290 2484 1351 2546 per
1372 2483 1493 2547 aquam
1511 2469 1683 2547 Baptismi.
1697 2472 1745 2531 De
1760 2469 1825 2532 hoc
1839 2472 1884 2532 ait

1084 2565 1262 2628 Psalmista
1271 2569 1329 2628 :lc
1345 2567 1583 2641 iniquitatibus
1591 2568 1782 2642 cornocptus
1794 2584 1879 2641 acm,

1083 2662 1881 2745 erinunotapeperumemacermeaffssoa).

1083 2761 1198 2823 atton
1218 2761 1400 2823 secundum
1428 2761 1530 2823 aliam
1550 2762 1708 2835 litteram,
1735 2762 1796 2824 ubi
1822 2778 1879 2824 nos

1083 2857 1243 2921 babemus
1262 2861 1365 2925 :Quis
1373 2860 1490 2933 potest
1504 2862 1622 2933 socero
1644 2863 1819 2922 mundiore
1841 2864 1879 2922 dc

1082 2958 1260 3018 immundo
1271 2957 1471 3032 concnam
1481 2959 1634 3020 seminet
1644 2955 1734 3036 (Job,
1750 2974 1821 3030 xrr,
1833 2956 1876 3037 4).

1082 3053 1152 3114 Nec
1185 3053 1297 3114 inians
1331 3054 1431 3114 unius
1461 3054 1528 3116 diei
1556 3055 1608 3116 est
1634 3054 1710 3115 sine
1730 3056 1877 3132 peccato.

1082 3150 1384 3213 Paulustd'romus
1391 3151 1876 3231 naturatittitrae(lipb.n,3).

1081 3246 1131 3309 Ab
1145 3248 1209 3309 bac
1223 3248 1334 3310 minen
1355 3247 1488 3326 quidam
1509 3248 1731 3325 spiritualiter
1751 3249 1787 3312 et
1807 3251 1878 3327 pri·

1081 3345 1239 3421 vilegiate
1252 3345 1387 3408 suerrmt
1410 3345 1559 3408 mundati
1573 3348 1652 3409 ante
1670 3347 1875 3409 nativitatem

1081 3443 1183 3504 etiam
1210 3443 1374 3518 inj'uteris
1397 3445 1564 3516 mam,
1597 3446 1636 3506 ut
1658 3445 1823 3507 ieremias
1844 3446 1877 3507 et

1081 3541 1237 3612 loannes,
1254 3540 1311 3617 qui
1323 3540 1488 3602 exultavit
1499 3541 1536 3602 in
1548 3542 1643 3603 utero
1654 3542 1784 3614 matris,
1795 3558 1877 3619 qno-

1081 3653 1156 3698 rum
1168 3638 1301 3716 utrique
1325 3637 1528 3714 intelligitur
1547 3638 1672 3701 dictum
1685 3639 1769 3700 illud
1782 3642 1879 3703 Jere-

1080 3735 1156 3795 miae
1171 3755 1178 3795 ε
1194 3738 1407 3809 Pnucpaom
1430 3736 1462 3797 te
1484 3738 1677 3810 [οπηανθθη
1702 3740 1741 3797 in
1761 3737 1875 3807 utam,

1080 3837 1165 3895 noni
1192 3834 1236 3904 te,
1254 3833 1290 3895 ct
1308 3833 1496 3907 antequam
1518 3837 1638 3896 coires
1666 3836 1705 3895 dc
1728 3835 1875 3906 ventre,

1079 3930 1347 4004 sanctificantia
1369 3928 1505 4010 (ierem.
1531 3946 1554 4002 1,
1581 3928 1628 4009 5).
1658 3931 1753 4004 Quod
1777 3931 1873 3993 etiam

1080 4027 1212 4104 quidam
1227 4026 1403 4089 intendunt
1417 4026 1458 4087 de
1471 4027 1577 4091 Jacob
1588 4030 1623 4090 θῖ
1633 4027 1677 4089 de
1688 4029 1792 4091 Beata
1805 4029 1875 4089 Vir·

1078 4123 1167 4200 gine,
1174 4139 1363 4202 quanquam
1375 4139 1475 4186 nona
1490 4127 1558 4187 Deo
1568 4124 1874 4204 habeaturexpres·

139 4320 143 4325 ’
228 4330 372 4398 oleam,
387 4320 646 4398 utcopnoscant
665 4320 709 4392 te,
734 4320 768 4381 ct
781 4334 883 4393 quem
896 4321 1023 4383 munti

229 4231 306 4293 dum
321 4225 407 4306 quod
417 4206 517 4285 'aeon
528 4223 599 4299 ipse
614 4221 939 4284 Christuszlioeoest
951 4224 1024 4285 otto
1078 4237 1161 4282 sum.

1117 4315 1257 4376 veniale
1281 4315 1455 4392 peccatum
1483 4315 1534 4378 est
1558 4316 1668 4378 motus
1688 4316 1732 4378 ad
1758 4317 1870 4379 illicita

228 4440 303 4491 esec
316 4437 426 4486 unum
441 4420 476 4483 et
488 4433 613 4481 oerum
625 4421 737 4479 Deum
752 4413 863 4494 (ioan.
877 4432 962 4491 xvir,
974 4414 1020 4497 3).
1077 4412 1161 4474 citra
1180 4427 1378 4474 consensum
1400 4413 1553 4486 rationis,
1570 4413 1643 4474 sine
1656 4414 1782 4491 quibus
1802 4430 1870 4476 esso

226 4524 328 4588 Juxta
342 4519 424 4581 illud
436 4516 535 4579 Pauli
550 4537 557 4577 :
570 4518 673 4577 Nono
686 4528 849 4591 cognosco
864 4528 911 4576 eoa
919 4516 1022 4589 porto
1076 4526 1142 4571 non
1168 4525 1356 4589 possumus,
1373 4511 1451 4588 quia
1470 4526 1602 4588 semper
1615 4510 1795 4575 lebusaeus
1809 4513 1869 4574 ba-

228 4624 309 4690 tonc
331 4619 449 4680 autem
469 4627 682 4691 cognoscam,
697 4613 787 4673 sioni
811 4612 845 4674 et
865 4613 1022 4689 cognitus
1075 4607 1158 4669 bitat
1171 4607 1207 4668 in
1229 4608 1319 4668 terra
1344 4609 1471 4680 nostra,
1492 4622 1567 4685 quaa
1593 4607 1692 4670 nobis
1709 4610 1871 4687 spinaset

225 4686 580 4789 computavimus
600 4724 692 4770 nunc
707 4724 776 4783 per
788 4714 962 4793 spamam
983 4712 1021 4770 tn
1074 4704 1214 4767 tribulos
1228 4720 1296 4766 non
1310 4704 1434 4766 desinit
1456 4705 1658 4781 germinare.
1678 4708 1729 4769 De
1751 4707 1815 4769 hoo
1827 4707 1872 4770 ait

227 4811 410 4890 enigmate,
440 4809 522 4870 tunc
548 4806 666 4869 autem
692 4809 780 4879 focio
810 4810 856 4867 ad
882 4808 1018 4881 sortem,
1074 4800 1190 4863 beatus
1213 4804 1360 4864 ioannes
1386 4802 1421 4862 in
1443 4802 1591 4880 Epistola
1618 4804 1786 4865 mnonica
1807 4826 1816 4865 z
1835 4808 1870 4867 Sl

226 4908 640 4988 quandooidebtmueeum
652 4903 814 4964 morien
825 4901 934 4982 (icor.
943 4920 1017 4978 1111,
1075 4902 1274 4961 dixerimus
1294 4903 1383 4974 ormo
1405 4902 1584 4975 peccatum
1606 4915 1678 4961 non
1694 4905 1868 4976 hammus,

226 4998 733 5088 12).Secundaoritdilectiosine
742 4999 908 5072 tarditate,
921 5004 1019 5079 juxta
1073 4997 1871 5072 nmtpsosseoootmus,ecoerctostnnoonnon

224 5104 306 5169 illud
333 5103 452 5165 lsaiae:
487 5099 578 5161 Vtvtt
600 5100 780 5168 Dominus,
805 5100 905 5170 majus
926 5102 1019 5175 tants
1072 5092 1370 5174 est(1t0an.1‚s).
1430 5092 1433 5097 ⁴

222 5210 259 5268 in
273 5206 356 5266 Sion
368 5201 402 5262 et
415 5199 574 5260 caminus
588 5193 897 5274 cessassemus.
920 5212 1015 5268 xxxi,
1111 5191 1253 5254 Mortale
1277 5193 1449 5269 peccatum
1476 5192 1527 5253 est
1552 5191 1661 5253 motus
1685 5193 1729 5253 ad
1753 5193 1871 5257 illicita

220 5300 266 5381 9),
284 5300 362 5380 quia
375 5296 422 5359 ibi
436 5295 501 5357 erit
510 5293 661 5355 caminus
674 5292 709 5354 et
721 5292 924 5355 abundantia
936 5293 1018 5355 oba·
1071 5289 1489 5360 cumconsensurationis,
1507 5289 1734 5351 etiamsinon
1750 5307 1873 5370 sequa-

220 5399 330 5462 nitatis
354 5395 507 5473 respectu
535 5395 609 5471 ejus
641 5407 739 5469 quam
766 5390 822 5452 bio
844 5391 1015 5453 babemus.
1071 5389 1126 5450 tur
1146 5388 1241 5450 actus
1266 5402 1310 5448 ex
1330 5403 1396 5465 quo
1417 5386 1566 5449 decernit
1590 5386 1795 5450 iaciendum.
1825 5392 1871 5453 be
1963 5420 1964 5477 p

222 5497 383 5568 ernniam
402 5494 473 5555 sive
498 5491 623 5567 linguae
646 5488 835 5560 cessabunt,
853 5489 923 5550 sive
938 5505 1016 5566 pro-
1070 5484 1315 5548 booaitlsaias
1333 5485 1545 5548 :Peccatum
1567 5489 1674 5547 suum
1695 5489 1789 5549 siaa
1805 5491 1869 5552 So·
1963 5486 1964 5567 ἶ

221 5562 341 5672 pistre
365 5589 626 5661 evacuabuntur,
663 5586 815 5648 charitas
845 5602 1014 5665 nunquam
1054 5586 1171 5659 ,docco
1196 5584 1480 5659 predicaverunt
1503 5581 1566 5663 (Is.
1595 5597 1647 5655 nr,
1683 5581 1737 5664 a).
1768 5588 1809 5649 Et
1834 5586 1869 5649 in
1963 5576 1964 5667 t
