3936 6182
107 301 165 365 ele
750 302 874 366 LIBER
894 299 1108 373 CENSUUM·
1694 298 1754 357 550

147 463 183 522 ln
197 456 389 537 episcopatu
402 457 627 535 Majoricensi,
641 460 699 537 qui
711 462 762 526 011
776 460 900 525 domiui
996 458 1117 523 Militia
1131 458 1225 522 Beati
1238 454 1364 526 Jacobi,
1381 458 1420 518 10
1432 454 1672 518 marabutinos.

108 562 216 636 Papae.
996 556 1234 623 Menasterium
1246 556 1438 627 Trianense,
1455 553 1722 617 Smarabutinos.

145 654 643 733 lnarchiepiscepatul'oletano
657 658 903 737 :Archiepisco-
996 657 1034 717 ln
1061 654 1253 734 episcopatu
1277 652 1444 725 ovetensi,
1473 653 1530 730 qui
1554 652 1605 714 est
1627 651 1753 714 domini

108 770 165 832 pus
190 753 370 815 Toletanus
394 768 453 831 pro
479 753 621 817 ecclesia
650 756 763 818 Sancti
791 757 900 829 Cerni,
956 752 1079 830 Papae:
1096 750 1754 816 Μο110101111111111110110(1010111110

108 850 295 913 insolidos
323 848 504 928 pipionum,
528 851 582 914 rel
605 851 688 914 duos
717 853 900 916 anlusinos.
956 850 1258 927 singulis20bolos
1271 863 1402 911 aureos.
1458 857 1473 889 ’-

108 950 184 1011 11011
202 964 264 1025 pro
280 949 481 1011 monasterio
494 949 609 1012 Sancti
625 951 798 1024 Serrandl,
815 952 902 1030 quod
997 950 1034 1010 In
1049 948 1241 1026 episcopatu
1252 946 1445 1009 'zamorensi
1461 948 1631 1011 :Castrum
1641 947 1752 1015 Torat.

106 1046 207 1109 estin
230 1046 426 1125 episcopatu
447 1048 642 1124 Saguntino,
665 1048 903 1111 1511111111-
956 1061 1057 1108 unam
1072 1061 1217 1108 marcam
1232 1045 1318 1107 auri.

106 1159 163 1207 nos
177 1144 264 1205 auri.
996 1143 1145 1206 Ecclesia
1178 1144 1291 1206 Sancti
1320 1144 1456 1207 Martini
1486 1144 1640 1221 Episcopi
1668 1144 1757 1206 inter

142 1240 904 1323 lnepiscopatuSeguntino:Ipsearchiepisco-
956 1243 1102 1303 Taurum
1126 1243 1159 1304 et
1181 1244 1353 1304 zamoram
1379 1242 1415 1304 in
1438 1242 1522 1315 loce,
1551 1239 1607 1319 qui
1633 1240 1756 1303 dieitur

106 1356 164 1419 pus
175 1355 235 1418 pro
251 1339 456 1402 monasterio
470 1339 583 1402 Sancti
598 1341 771 1416 Servandi,
786 1343 825 1405 15
836 1358 904 1405 ma·
957 1338 1109 1412 Freisno,
1125 1355 1229 1401 unum
1243 1338 1500 1402 marabutinum.

106 1437 288 1509 rabutinos,
305 1438 469 1515 utsupra.
999 1436 1245 1515 [aepiscopatu
1259 1437 1476 1514 Egitaniensi.

143 1537 179 1598 In
189 1535 385 1614 episcopatu
395 1535 573 1598 oxomensi
588 1557 596 1597 1
612 1536 761 1599 Ecclesia
773 1536 903 1600 Sanctae
999 1535 1036 1596 In
1049 1535 1338 1615 archiepiscopatu
1350 1534 1572 1597 Bracharensi
1586 1558 1594 1598 1
1609 1536 1757 1599 Ecclesia

106 1633 218 1696 Mariae
234 1633 276 1694 de
293 1633 395 1706 Silva,
411 1634 450 1695 12
461 1634 617 1696 denarios
631 1633 813 1712 pipionum.
959 1630 1073 1695 Sancti
1088 1630 1235 1706 Martini,
1251 1635 1272 1694 2
1285 1634 1525 1696 marabutinos.

143 1730 384 1794 Menasterium
415 1732 528 1794 Sancti
557 1732 648 1795 Petri
675 1733 716 1795 de
742 1732 901 1807 (tomello,
999 1730 1037 1793 In
1071 1731 1263 1809 episcopatu
1297 1730 1541 1808 Portrrgallensi
1558 1732 1754 1806 :canoniea

106 1844 204 1889 unum
219 1827 468 1891 marabutinum
483 1829 569 1890 auri.
958 1843 1033 1907 quae
1046 1831 1188 1890 vocatur
1202 1828 1388 1902 ecclesiola,
1403 1830 1424 1890 2
1438 1826 1676 1890 marabutinos.

142 1927 180 1987 ln
202 1926 399 2004 episcopatu
422 1926 600 2004 Burgensi,
623 1927 680 2005 qui
704 1927 755 1990 est
778 1927 904 1989 domini
999 1922 1133 1988 Fratres
1157 1925 1286 1989 Militiae
1305 1926 1445 2004 Templi,
1468 1925 1760 1989 4111111111-

105 2024 203 2101 Papas
239 2046 248 2085 2
287 2026 527 2086 Menasterium
569 2025 682 2088 Sancti
720 2024 904 2088 salvatoris
957 2021 1150 2085 butinorum
1180 2039 1240 2103 pro
1273 2023 1436 2097 eeclesiis,
1464 2038 1547 2102 quas
1575 2023 1699 2086 hahent
1725 2024 1758 2085 in

105 2119 269 2190 oriensis,
285 2138 385 2183 unam
399 2122 531 2184 unciam
545 2122 632 2184 auri.
958 2135 1062 2197 regno
1085 2120 1312 2198 Portugallioe.
1330 2123 1369 2184 Et
1383 2137 1444 2199 pro
1461 2120 1759 2184 000111111οΤ10-

83 2226 88 2237 ·
141 2219 384 2282 Menasterium
407 2221 520 2282 Sancti
548 2218 724 2294 Dominici,
749 2221 906 2282 511110-
959 2233 1061 2290 mars,
1085 2235 1160 2296 quae
1183 2218 1306 2282 dicitur
1327 2219 1472 2293 Ozizera,
1494 2219 1637 2298 quatuor
1656 2218 1760 2282 libras

102 2310 249 2378 hutinos.
960 2329 1059 2377 cerae.
1071 2317 1111 2378 Et
1121 2330 1181 2395 pro
1191 2315 1390 2379 ecelesiisde
1400 2316 1606 2391 Palumbato,
1619 2317 1758 2389 Rodiae,

140 2413 386 2476 Menasterium
401 2413 442 2474 de
454 2413 622 2486 cardinia,
638 2426 741 2475 unum
755 2412 907 2476 11111111-
960 2413 994 2474 01
1007 2415 1087 2489 Ega,
1102 2428 1203 2475 unam
1221 2414 1354 2477 unciam
1370 2415 1445 2478 auri
1462 2415 1757 2490 marabutinorum,

101 2511 227 2572 tinum.
960 2508 1122 2589 utsupra.

141 2608 183 2668 In
205 2601 401 2685 episcopatu
414 2608 610 2671 Palantino:
630 2608 778 2671 Ecclesia
798 2607 905 2672 Vallis
1000 2607 1197 2683 Adelonsus,
1225 2609 1294 2673 dux
1320 2608 1595 2688 Pertugallensis,
1625 2612 1666 2674 de
1690 2612 1759 2675 tota

103 2704 202 2776 oleti,
216 2706 260 2765 25
273 2704 512 2768 marabutinos.
959 2706 1050 2768 terra
1063 2722 1135 2781 sua,
1150 2723 1247 2785 quam
1264 2724 1352 2770 nunc
1365 2709 1475 2783 habet,
1492 2710 1547 2773 rel
1561 2710 1597 2772 in
1611 2709 1760 2773 futurum

143 2804 182 2865 In
197 2801 394 2878 episcopatu
408 2802 650 2879 segobricensi.
959 2802 1027 2865 Deo
1044 2802 1187 2882 propitio
1200 2806 1328 2883 poterit
1341 2806 1493 2884 adipisci,
1508 2809 1656 2870 4110100
1671 2808 1758 2869 auri.

143 2898 180 2962 Iu
191 2899 387 2976 episcopatu
400 2899 603 2962 Secobiensi.
959 2900 1163 2966 Procedente
1176 2918 1257 2965 vero
1269 2904 1429 2981 tempore,
1441 2905 1484 2966 ab
1498 2904 1688 2967 Alexandro
1701 2907 1758 2977 ΙΙΙ,

144 2999 181 3058 11
197 2996 391 3074 episcopatu
409 2996 571 3059 condensi
587 3018 595 3058 ε
611 3000 735 3060 Domus
750 3000 903 3061 Fratrum
958 2997 1052 3075 regio
1083 2996 1245 3063 vocabulo
1269 3001 1448 3079 insignitus
1477 3001 1540 3064 fuit
1561 3003 1649 3064 idem
1673 3003 1761 3064 Ade-

109 3094 233 3158 Militiae
259 3095 372 3157 Sancti
394 3090 510 3157 Jacobi
534 3095 708 3158 annuatim
737 3095 906 3159 1011111-
959 3093 1085 3171 tonsus,
1113 3098 1146 3160 et
1168 3099 1381 3176 praescriptas
1410 3101 1553 3177 quatuor
1581 3100 1697 3161 uncias
1723 3099 1759 3160 in

109 3192 232 3254 chinos.
959 3193 1042 3257 duas
1070 3210 1201 3258 marcas
1226 3195 1303 3258 auri
1322 3196 1494 3273 purissimi
1517 3196 1592 3273 post
1617 3198 1759 3258 Latera-

145 3292 182 3351 ln
195 3289 388 3368 episcopatu
402 3290 619 3363 Emeritensis,
630 3290 684 3352 rel
699 3284 907 3369 compostel·
958 3304 1063 3353 nense
1075 3289 1255 3353 concilium
1268 3288 1508 3368 augmentavit.

110 3386 181 3450 lano
202 3408 210 3448 ε
233 3388 475 3450 Menasterium
495 3387 537 3449 de
559 3388 779 3462 antealtaria,
801 3405 905 3452 unum
999 3387 1239 3452 Menasterium
1270 3388 1384 3452 Sancti
1413 3390 1505 3453 Petri
1539 3390 1580 3453 de
1609 3391 1758 3467 arganil,

111 3485 364 3548 morabatinum.
960 3480 1089 3547 ordinis
1103 3485 1216 3549 Sancti
1229 3486 1417 3563 Augustini,
1433 3489 1454 3548 2
1468 3487 1706 3550 marabutinos.

146 3582 356 3644 lndbulensi
371 3580 575 3661 episcopatu.
1000 3584 1038 3645 ln
1074 3583 1268 3663 episcopatu
1303 3585 1532 3650 Colinhriense
1567 3607 1575 3648 1
1609 3586 1759 3649 Ecclesia

146 3682 182 3742 Iu
193 3681 388 3759 episcopatu
404 3680 610 3743 Placentino.
961 3680 1090 3744 Sanctae
1105 3682 1231 3756 Crucis,
1247 3678 1269 3744 2
1284 3683 1524 3746 marabutinos.

146 3780 181 3838 ln
193 3779 388 3857 episcopatu
401 3779 775 3842 civitatensisEcclesia
790 3779 904 3842 Sancti
998 3778 1238 3841 Menasterium
1271 3781 1386 3844 Sancti
1419 3782 1510 3844 Petri
1540 3781 1583 3846 de
1607 3784 1757 3860 Arganil,

110 3875 227 3939 tuliani
237 3878 281 3939 de
291 3876 434 3949 Pirario,
448 3892 550 3938 unum
560 3877 806 3940 marabutinum
816 3877 902 3940 auri.
957 3877 978 3937 2
991 3877 1257 3955 portugallenses
1270 3894 1401 3942 aureos.

146 3974 384 4037 Menasterium
421 3974 536 4037 Sancti
573 3975 736 4053 Spiritus,
775 3975 903 4038 ordinis
997 3976 1237 4039 Menasterium
1277 3978 1391 4040 Sancti
1432 3978 1589 4053 Georgii,
1630 3977 1759 4039 ordinis
1854 4000 1857 4008 ·

113 4071 216 4134 Sancti
237 4073 406 4146 Damiani,
429 4088 530 4135 unam
549 4073 670 4136 libram
685 4089 782 4136 cerae.
800 4075 841 4136 Et
854 4074 904 4136 est
960 4074 1072 4136 Sancti
1086 4075 1275 4151 Augustini,
1297 4076 1458 4137 2111101
1479 4074 1757 4153 portugallenses.

113 4171 306 4249 exemptum,
332 4170 513 4233 secundum
540 4172 627 4249 quod
655 4173 844 4236 continetur
867 4171 904 4233 in
958 4168 1051 4243 Quod
1081 4172 1321 4234 monasterium
1351 4172 1477 4234 lactum
1508 4174 1558 4235 est
1590 4173 1757 4245 censuale,

113 4262 208 4341 ipsius
222 4267 412 4346 privilegio.
957 4268 1105 4344 tempore
1120 4264 1160 4347 (')
1179 4267 1305 4330 domini
1325 4270 1465 4331 Honorii
1480 4272 1526 4331 111
1541 4272 1654 4347 Papae,
1670 4284 1759 4330 anno

147 4366 388 4446 lnepiscopatu
403 4365 622 4429 salmantino.
959 4364 1086 4443 quinto.

147 4463 182 4525 In
194 4465 389 4543 episcopatu
403 4463 588 4526 Elborensi.
998 4464 1037 4523 In
1051 4460 1247 4540 episcopatu
1258 4462 1402 4525 visensi.

148 4561 183 4621 ln
197 4562 391 4641 episcopatu
403 4561 590 4624 cauriensi.
998 4562 1036 4621 In
1048 4558 1242 4637 episcopatu
1258 4559 1462 4621 lamecensi.
1738 4622 1741 4627 ,

149 4658 184 4717 11
212 4661 405 4737 episcopatu
431 4657 663 4722 Ulixibonensi
686 4680 694 4720 ε
723 4658 904 4738 Templarii
999 4660 1036 4719 In
1051 4656 1244 4735 episcopatu
1257 4655 1414 4720 duriensi
1433 4678 1441 4718 ε
1458 4656 1698 4719 Menasterium
1717 4655 1759 4719 de

115 4767 168 4827 pro
180 4755 287 4819 tribus
305 4756 467 4829 ecclesiis,
488 4756 642 4819 videlicet
661 4756 802 4831 Rodina,
820 4760 902 4835 Ege,
959 4753 1109 4824 Ursaria,
1123 4770 1226 4814 unum
1238 4753 1497 4816 morabatinum.

115 4850 146 4910 et
162 4853 365 4927 Palumbato,
390 4870 491 4916 unam
515 4853 647 4915 unciam
671 4855 747 4916 auri
770 4871 902 4918 musse-
999 4854 1036 4913 In
1057 4852 1252 4931 episcopatu
1272 4852 1417 4915 Tudeusi
1432 4873 1439 4914 :
1454 4852 1603 4915 Ecclesia
1628 4856 1758 4917 saneta

117 4950 319 5014 mutinorum.
958 4949 1074 5013 Maria
1090 4950 1130 5012 de
1143 4951 1607 5023 Rehorios,2marabutiuos.

151 5048 383 5113 Menasterium
415 5050 528 5113 Sancti
549 5048 718 5113 vincentii
746 5050 903 5114 Ulixiho-
999 5050 1037 5108 11
1051 5048 1245 5126 episcopatu
1259 5050 1413 5111 Lucensi.

116 5146 231 5220 nensis,
247 5152 266 5209 4
280 5149 394 5211 obolos
407 5148 672 5210 mascemutinas.
998 5147 1037 5206 In
1059 5145 1252 5224 episcopatu
1270 5147 1478 5210 Asturicensi
1495 5170 1502 5209 :
1519 5147 1757 5210 Menasterium

152 5242 188 5301 ln
200 5246 390 5325 episcopatu
411 5246 621 5323 legionensi,
637 5245 695 5326 qui
710 5245 760 5308 est
778 5246 904 5309 domini
960 5242 1073 5306 Sancti
1088 5243 1224 5306 Martini
1235 5243 1275 5306 de
1287 5244 1493 5318 Castanarla,
1507 5243 1647 5320 singulis
1658 5241 1757 5303 annis

118 5336 209 5415 Papae
225 5362 233 5401 ι
248 5343 486 5406 Monasterium
508 5344 621 5406 Sancti
639 5343 799 5419 Facundi,
818 5345 840 5405 2
855 5361 906 5408 so·
959 5356 1062 5402 unum
1079 5341 1336 5405 marabotinum.

118 5431 195 5499 lidos
208 5441 348 5503 monetae
360 5440 451 5502 illius
463 5441 574 5503 terrae.
999 5442 1037 5500 ln
1052 5439 1244 5519 episcopatu
1257 5438 1495 5523 Minduniensi.

153 5534 385 5599 monasterium
405 5538 517 5602 Sancti
530 5538 660 5612 Isidori,
676 5556 777 5603 unum
792 5557 906 5605 mara·

118 5626 271 5696 hulmum.
998 5638 1033 5714 t')
1054 5642 1286 5701 additamentum
1300 5639 1468 5699 recentioris
1484 5639 1635 5713 Scriptorls
