3952 6188
223 290 283 351 675
691 284 867 347 HONORII
888 284 934 345 111
955 283 1104 345 OPERA.
1122 312 1159 328 ·-
1176 285 1407 348 SERMONES.
1812 290 1874 353 87⁰

224 450 259 511 in
274 447 359 510 libro
379 448 505 511 mortis.
522 446 622 508 Liber
633 445 710 507 vltae
725 445 775 506 est
787 442 946 505 memoria
960 443 1018 503 Dei
1073 442 1158 504 libro
1173 443 1254 506 dicit
1272 445 1418 507 loannes
1439 444 1474 505 in
1488 443 1711 523 Apocalypsi:
1738 449 1814 508 Vidi
1836 450 1873 510 in

225 546 346 619 Patris,
362 547 440 624 quia
454 545 501 606 ibi
514 545 636 621 scripta
659 544 737 604 sunt
751 542 862 603 omnia
880 556 939 618 per
957 555 1018 601 co·
1072 541 1219 602 caetera
1239 543 1389 603 sedentis
1406 544 1443 602 in
1466 541 1589 603 throno
1610 546 1741 605 libram
1761 548 1875 618 scrip-

223 642 417 718 gnitionem.
435 642 503 702 Scit
518 641 605 701 enim
621 643 708 701 Deus
731 637 887 699 universa
902 638 935 698 et
952 653 1018 698 non
1074 637 1148 698 trem
1166 639 1261 699 tritus
1280 639 1315 699 et
1335 641 1423 712 foris
1438 636 1554 716 (Apoc.
1569 656 1601 711 v,
1618 638 1664 718 1).
1695 642 1765 701 Iste
1787 640 1875 703 liber

223 740 332 817 potest
352 738 520 811 oblivisci;
546 737 625 816 quia
648 736 760 798 omnia
785 735 875 796 nuda
895 736 1020 796 suntet
1074 750 1170 811 quem
1200 734 1283 798 uidit
1317 738 1482 808 loannes,
1520 737 1688 813 significat
1722 737 1872 800 divinam

223 840 338 915 aperta
348 836 383 897 in
396 838 574 914 conspectu
584 838 613 913 ej
619 851 674 895 us·
681 835 718 895 ln
729 832 791 894 hoc
802 831 887 893 libro
895 831 1017 908 scripta
1074 832 1288 909 scripturam.
1310 835 1371 904 Qui
1384 833 1520 895 sedehat
1533 835 1568 894 in
1583 834 1706 896 throno
1719 838 1773 897 est
1785 838 1874 897 Deus

224 930 780 995 suntnominaomniumbonorum
795 927 1018 990 hominumab
1074 930 1172 991 Pater
1192 931 1247 1007 qni
1264 932 1430 1006 regnatis
1445 931 1815 1009 coelo,dequodicitur
1837 934 1871 994 in
1973 976 1974 1027 3

223 1035 347 1094 aeterno
372 1029 552 1092 secundum
574 1026 910 1106 praedestinationem,
933 1025 1019 1087 sicut
1072 1028 1288 1104 Apocalypsi:
1304 1031 1397 1095 ociori
1413 1034 1505 1091 sotus
1529 1031 1644 1104 potuit
1668 1034 1872 1104 aperireti-
1973 1052 1974 1099 ς

222 1124 1018 1206 legimusdeNathenaeleinEvangelio,quando
1073 1126 1173 1186 emm
1202 1126 1236 1186 et
1265 1130 1397 1188 soluere
1422 1128 1555 1200 septem
1583 1130 1769 1203 siphum
1798 1130 1873 1200 ejas
1973 1178 1974 1211 ἦ

222 1228 308 1289 dixit
322 1226 353 1287 ei
367 1229 465 1287 lesus
482 1245 489 1284 :
503 1228 590 1285 Ecce
606 1238 713 1285 verme
726 1223 943 1293 israelitem
953 1236 1017 1296 paco
1074 1219 1188 1298 (Apoc.
1202 1237 1235 1293 v,
1249 1222 1295 1301 5).
1973 1216 1974 1293 3

222 1328 317 1387 dulus
335 1337 405 1384 uon
419 1322 481 1383 cst.
500 1320 610 1400 (Joan.
624 1336 649 1393 1,
664 1318 729 1398 47).
749 1318 930 1396 Respondit
943 1320 1017 1379 Na·
1113 1319 1212 1379 Liber
1233 1321 1297 1381 iste
1320 1322 1370 1381 est
1383 1320 1496 1381 divina
1513 1320 1689 1397 dispositio
1703 1322 1816 1383 velata
1837 1323 1870 1384 in

223 1421 379 1485 thanael:
400 1422 491 1480 cuiue
505 1433 559 1480 nce
574 1420 664 1480 posu
678 1423 692 1480 i
707 1416 889 1493 Respondit
909 1416 941 1477 ei
961 1418 1019 1479 Je·
1073 1419 1175 1478 Sacra
1190 1418 1433 1494 Scriptura,rel
1450 1420 1551 1479 Sacra
1568 1419 1744 1496 Scriptura
1757 1419 1872 1481 velam
1973 1452 1974 1499 3

222 1520 513 1593 sustanicpuum
531 1518 710 1589 Philippus
724 1515 863 1575 accuret
882 1513 927 1586 te,
946 1516 1018 1574 vtdt
1071 1515 1164 1576 illam
1186 1515 1333 1576 divinam
1357 1515 1618 1592 dispositionem.
1634 1519 1735 1577 Hunc
1750 1517 1870 1578 librum
1973 1514 1974 1589 t

127 1658 130 1665 »
222 1621 255 1680 te
265 1619 326 1679 sub
338 1617 405 1688 sicu
417 1611 541 1693 (thid).
556 1614 719 1685 Quantum
736 1610 776 1671 ad
793 1611 936 1672 litteram
947 1610 1018 1688 ipse
1072 1613 1222 1673 Christus
1241 1612 1382 1688 aperuit,
1407 1613 1441 1673 et
1459 1614 1670 1690 ejusseptem
1695 1615 1869 1689 signacula
1973 1620 1974 1685 l

222 1713 329 1774 iuerat
342 1710 401 1771 sub
415 1711 480 1770 flou
491 1710 668 1785 antequam
682 1708 854 1784 Philippus
867 1708 1018 1768 uocasset
1072 1709 1181 1780 solvit,
1197 1725 1272 1771 cum
1283 1710 1408 1785 septem
1423 1709 1582 1771 articulos
1596 1710 1673 1771 fidei
1686 1711 1724 1771 in
1740 1727 1779 1771 se
1799 1727 1870 1774 esse

221 1827 309 1872 eum.
325 1808 489 1881 Quantum
509 1806 550 1867 ad
575 1805 781 1882 spiritualem
800 1804 1014 1876 intellectum,
1072 1807 1251 1883 completos
1265 1806 1419 1878 ostendit,
1436 1808 1474 1868 ut
1493 1807 1714 1879 nativitatem,
1732 1808 1870 1870 descen-
1973 1860 1974 1901 ,

220 1910 293 1969 vidi
308 1907 341 1966 te
354 1908 415 1966 sub
426 1905 505 1976 dccc,
519 1902 615 1974 idest,
628 1902 696 1963 vidi
709 1903 786 1963 lein
800 1901 910 1962 lumbo
924 1901 1015 1969 Adae,
1072 1920 1144 1964 sum
1159 1904 1201 1964 ad
1221 1903 1357 1975 inferos,
1382 1905 1672 1977 resurrectionem,
1695 1906 1868 1967 ascensio-
1973 1904 1974 1919 ¹

221 2004 398 2080 antequam
413 2000 623 2078 prohiberem
639 2001 770 2072 eum,ut
783 2015 849 2060 non
864 1998 1018 2060 comede·
1072 2018 1159 2073 nem,
1176 2002 1318 2078 Spiritus
1335 2002 1448 2062 Sancti
1464 2002 1670 2074 missionem,
1687 2006 1723 2065 et
1743 2003 1868 2066 adsen-
1973 2048 1974 2091 3

222 2104 273 2165 ret
287 2100 327 2163 de
347 2115 444 2177 pomo
465 2098 578 2159 vetito.
596 2097 689 2160 Unde
704 2096 879 2174 Apostolus
896 2118 904 2155 :
928 2101 1016 2162 Drios
1070 2101 1139 2160 tum
1150 2098 1191 2160 ad
1200 2098 1374 2176 judicium.
1390 2100 1464 2176 lpse
1476 2098 1577 2161 hahet
1585 2099 1709 2160 librum
1719 2102 1758 2161 in
1772 2117 1868 2162 mann

220 2199 398 2275 praescivit
413 2201 474 2259 bos
490 2197 523 2257 et
539 2196 805 2270 praedestinavit
823 2196 1016 2269 conformes
1071 2212 1142 2269 sua,
1160 2196 1254 2268 idest,
1268 2196 1415 2257 divinam
1429 2197 1634 2272 scripturam
1644 2198 1679 2257 in
1693 2199 1868 2274 potestate

220 2299 300 2371 lteri
314 2296 477 2370 imupiais
495 2295 576 2355 Filii
589 2295 655 2353 sui.
679 2290 788 2370 (Rom.
805 2307 880 2359 v111,
895 2289 961 2370 29).
978 2291 1017 2351 nt
1071 2292 1206 2364 Quando
1223 2291 1295 2353 uult
1317 2291 1449 2368 aperire
1463 2291 1580 2369 aperit,
1597 2292 1629 2354 et
1644 2293 1781 2370 quando
1802 2294 1870 2356 vult

147 2382 150 2397 ’
220 2395 322 2457 item:
339 2393 451 2468 Etepit
470 2405 535 2452 izos
553 2394 591 2452 iu
605 2393 691 2463 ipso.
708 2388 805 2469 (Eph.
819 2405 842 2461 1,
859 2386 905 2467 4),
917 2388 1014 2459 idest,
1071 2390 1225 2451 claudere
1240 2389 1376 2461 claudit,
1391 2391 1424 2451 et
1438 2390 1493 2450 cui
1505 2389 1575 2451 vult
1589 2389 1683 2451 illam
1705 2390 1800 2463 dare,
1816 2391 1870 2453 dat

221 2492 257 2552 in
278 2489 409 2551 Christo
429 2488 507 2549 ante
532 2487 647 2548 mundi
673 2487 953 2549 constitutionem.
977 2486 1017 2547 nt
1070 2488 1103 2549 et
1123 2502 1190 2548 non
1214 2486 1428 2563 improperat.
1448 2486 1510 2548 Hic
1534 2486 1619 2549 liber
1641 2489 1791 2565 scriptus
1817 2490 1868 2550 est
1973 2492 1974 2495 ’

220 2588 380 2650 Dominus
396 2587 432 2647 in
451 2584 632 2661 Evangelio
647 2605 654 2645 ι
671 2585 834 2659 Gurtdcte,
853 2585 1017 2658 quereiam
1070 2584 1152 2645 foris
1176 2600 1236 2661 per
1258 2584 1444 2656 historiam,
1463 2584 1553 2645 intus
1576 2600 1637 2661 per
1657 2585 1866 2662 allegoriam.

220 2688 363 2747 rimuiuu
374 2683 492 2746 vestro
508 2682 640 2757 scripta
657 2682 739 2743 utut
753 2684 790 2742 in
809 2687 903 2744 coeio.
919 2679 1014 2760 (Luc.
1070 2682 1129 2742 Vel
1156 2679 1237 2741 foris
1250 2680 1306 2741 'est
1327 2680 1481 2757 scriptus,
1504 2680 1638 2757 quando
1660 2680 1868 2744 demonstrat

220 2799 254 2855 x,
270 2779 335 2861 20).
351 2783 387 2843 ln
403 2778 563 2840 hoclihro
578 2779 711 2856 scripsit
730 2779 890 2839 Dominus
905 2778 1016 2839 omnia
1071 2777 1165 2839 nobis
1197 2778 1353 2839 mandata
1383 2777 1461 2853 Dei3
1496 2779 1587 2839 intus
1621 2780 1674 2841 est
1709 2781 1865 2857 scriptus,

220 2879 307 2941 hona
331 2892 432 2955 opera
447 2876 594 2937 omnium
616 2876 807 2948 electorum,
829 2876 865 2937 ιι)
887 2875 1015 2935 nullum
1070 2876 1201 2953 quando
1214 2875 1417 2936 demonstrat
1431 2878 1558 2937 secreta
1571 2876 1659 2937 coeli.
1681 2878 1745 2937 Vel
1756 2876 1869 2938 hicest
1973 2910 1974 2927 ι

219 2976 343 3038 bonum
363 2973 506 3035 dimittat
519 2973 808 3034 irremuneratum.
827 2975 874 3035 De
895 2973 958 3033 lroc
973 2972 1017 3033 li·
1070 2974 1154 3035 liber
1177 2974 1327 3049 signatus
1352 2974 1476 3049 septem
1498 2974 1630 3050 sigillis,
1652 2974 1753 3045 idest,
1775 2975 1867 3037 donis

218 3075 278 3136 bro
303 3072 433 3135 deletur
453 3071 552 3132 homo
566 3070 701 3147 propter
713 3069 885 3131 criminale
898 3086 1017 3148 pecca·
1069 3070 1185 3148 gratia
1198 3070 1418 3147 septiformis3
1439 3072 1486 3132 ita
1500 3073 1538 3133 ut
1553 3071 1722 3149 possimus
1736 3073 1864 3133 dicero:

220 3176 302 3235 tuni.
329 3170 424 3233 Unde
446 3168 550 3230 David
567 3189 574 3228 ι
589 3168 779 3230 Deteuutur
801 3171 843 3229 de
863 3171 948 3229 libro
968 3171 1017 3229 ci·
1070 3169 1262 3243 Requiescit
1279 3184 1385 3243 super
1407 3184 1487 3231 cum
1505 3171 1659 3244 Spiritus
1686 3171 1868 3243 sapientie

149 3264 152 3353 ζ
219 3270 390 3340 ueritiam,
416 3267 450 3329 et
477 3282 555 3327 οιιιιι
575 3266 683 3339 justis
708 3280 777 3326 aon
804 3266 1013 3327 scribuntur.
1070 3268 1104 3329 et
1121 3267 1321 3339 interiectus,
1342 3269 1494 3340 Spiritus
1512 3271 1647 3329 corcsttit
1664 3268 1702 3329 et
1725 3270 1867 3343 sortitu-

220 3366 290 3446 (Ps.
306 3368 356 3438 68,
369 3363 434 3444 29).
449 3365 510 3425 llic
525 3364 576 3425 est
588 3362 770 3434 liberritae,
785 3362 881 3435 idest,
895 3378 1016 3425 memo-
1069 3368 1171 3436 dinis
1193 3365 1345 3439 Spiritus
1365 3365 1519 3425 scientiae
1532 3366 1571 3426 'et
1580 3366 1739 3438 pictatis,
1760 3367 1794 3427 et
1816 3380 1867 3427 re·

219 3465 271 3526 ria
294 3463 353 3525 Dei
376 3462 497 3533 Patris,
521 3463 617 3537 cujus
629 3460 782 3536 quaterni
799 3461 876 3521 sunt
898 3460 1015 3536 gratiae
1066 3462 1173 3537 placit
1187 3476 1266 3522 eum
1278 3462 1577 3535 Spiritustimoris
1588 3465 1734 3524 Domini
1749 3462 1864 3541 (ism,

220 3560 423 3631 differentes,
437 3561 532 3635 cujus
547 3557 627 3619 folia
641 3558 700 3619 aut
712 3558 836 3618 chartae
857 3559 934 3619 sunt
945 3559 1016 3618 vir·
1068 3558 1147 3638 23).
1164 3559 1295 3635 Septem
1307 3557 1392 3618 dona
1403 3559 1563 3620 uirtutum
1578 3559 1708 3620 confert
1723 3561 1865 3637 Spiritus

218 3658 305 3720 tutes
333 3654 624 3723 immemorabiles,
641 3658 737 3732 cujus
759 3654 878 3715 litterae
902 3670 1014 3716 aurem
1071 3656 1212 3719 Sanctus
1225 3655 1356 3732 replens
1369 3655 1514 3717 animam
1529 3672 1628 3733 quam
1643 3657 1767 3733 diligit.
1793 3657 1866 3719 Prt-
1973 3666 1974 3749 )

219 3758 297 3815 sunt
319 3753 435 3829 gloriae
460 3753 493 3814 et
527 3751 719 3828 splendores
751 3751 1014 3827 supercoelestes.
1070 3770 1158 3814 mum
1178 3753 1322 3814 infundit
1340 3754 1371 3814 ei
1394 3754 1562 3825 timorem,
1579 3754 1637 3831 qui
1658 3757 1711 3815 est
1729 3754 1865 3817 initium

144 3920 150 3925 ,
218 3852 282 3913 llic
296 3852 348 3911 est
367 3848 453 3909 liber
467 3850 562 3924 cuius
577 3847 694 3909 litterae
709 3863 775 3908 non
801 3847 962 3921 detentam,
979 3850 1014 3910 in
1068 3867 1157 3913 verae
1172 3851 1357 3928 sapientiae.
1378 3851 1503 3912 Timoli
1516 3849 1680 3912 subinfert
1693 3851 1863 3927 pietatem,
1973 3840 1974 3879 ³

221 3965 285 4028 quo
313 3932 427 4009 omnes
453 3945 548 4006 bonae
572 3944 692 4005 animae
722 3944 954 4006 describuntur
979 3948 1016 4008 ut
1069 3951 1106 4011 ut
1130 3947 1298 4009 miseriam
1321 3948 1463 4010 'timoris
1498 3949 1650 4010 suauitas
1674 3949 1865 4011 consoletur
1973 3916 1974 3975 ³

220 4063 294 4108 cum
309 4045 439 4106 Christo
454 4041 620 4121 accipiant
637 4044 765 4122 partem
777 4042 905 4118 gloriae,
927 4045 959 4106 et
978 4044 1014 4105 in
1071 4047 1212 4124 pietatis.
1228 4046 1348 4108 Pietati
1358 4045 1519 4107 subinfert
1532 4046 1720 4117 scientiam,
1735 4047 1774 4109 ut
1783 4047 1865 4108 sciat

220 4145 292 4221 ipso
307 4142 472 4219 accipiant
488 4140 631 4202 fructum
643 4141 733 4202 uitae.
1069 4145 1118 4205 uti
1129 4144 1248 4205 timore
1262 4144 1295 4205 et
1309 4143 1442 4219 pietate.
1464 4143 1526 4204 Sed
1546 4158 1589 4204 ne
1607 4159 1628 4204 a
1647 4144 1772 4205 timore
1783 4144 1862 4205 tris-

260 4240 359 4303 Liber
375 4238 547 4316 sapientiae
568 4238 618 4300 est
638 4237 752 4299 divina
775 4238 957 4316 Scriptura,
978 4241 1014 4301 in
1068 4242 1142 4304 titia
1167 4240 1388 4303 abundantior
1415 4240 1602 4313 absorbeat,
1629 4257 1672 4301 ne
1696 4257 1718 4303 a
1744 4241 1862 4318 pietate

220 4356 285 4419 qua
305 4339 356 4401 est
376 4338 483 4399 omnis
502 4337 681 4398 thesaurus
703 4336 804 4397 totius
828 4336 1012 4413 sapientiae.
1069 4338 1280 4416 presumptio
1301 4353 1389 4399 vana
1411 4338 1597 4415 praecipitet
1620 4338 1775 4401 scientiae
1809 4355 1862 4399 su-

217 4441 410 4501 Thesaurus
429 4435 602 4514 sapientiae
624 4435 676 4496 est
697 4433 873 4512 multiplex
884 4433 1013 4496 intelli·
1068 4436 1191 4498 biufert
1207 4435 1445 4507 fortitudinem,
1468 4436 1597 4497 scilicet
1619 4436 1738 4498 contra
1758 4436 1863 4498 tenta·
1973 4510 1974 4515 ἵ

219 4538 331 4615 gentia
352 4534 475 4597 divinae
492 4533 683 4610 scripturae.
708 4535 804 4594 Hunc
819 4533 1013 4594 thesaurum
1067 4535 1186 4602 tiones,
1211 4534 1244 4594 et
1266 4536 1303 4595 ut
1323 4533 1475 4611 proficiat
1492 4533 1630 4594 inbono
1650 4549 1720 4595 non
1735 4536 1860 4595 tantum

219 4633 378 4694 Dominus
400 4632 517 4708 aperit,
538 4629 671 4707 quando
690 4645 750 4707 per
774 4645 834 4691 ora
848 4629 1013 4707 praedica·
1069 4632 1225 4703 suaviter,
1243 4630 1415 4692 sedetiam
1431 4630 1571 4693 sortiter.
1588 4631 1863 4692 Fortitudinisn·

220 4730 329 4790 torum
344 4743 457 4788 sacras
481 4726 665 4803 scripturas
687 4727 757 4787 suis
774 4727 927 4789 fidelihus
948 4744 1012 4789 ex·
1067 4728 1190 4790 binsert
1204 4728 1391 4800 consilium,
1408 4732 1444 4790 ut
1458 4744 1520 4789 nec
1535 4728 1701 4799 scientiae,
1720 4745 1785 4791 nec
1799 4729 1863 4790 for-

220 4825 324 4900 ponit.
339 4826 386 4883 De
399 4822 461 4883 isto
476 4823 635 4883 thesauro
647 4821 912 4901 dicitsalomon:
930 4830 1015 4889 The·
1069 4824 1202 4889 titudini
1227 4825 1367 4885 nimium
1389 4824 1554 4896 credatur,
1572 4823 1632 4884 sed
1654 4827 1771 4887 omnia
1793 4840 1861 4887 cum

220 4933 349 4979 saurus
387 4920 622 4978 desiderabilis
658 4923 842 4991 requiescit
879 4926 917 4983 iu
953 4938 1014 4985 ore
1068 4922 1208 4985 consilio
1229 4926 1381 4997 agantur.
1405 4921 1553 4983 Consilio
1576 4920 1746 4984 subinfert
1764 4921 1862 4984 intel·

218 5015 399 5090 sepientis.
435 5013 475 5073 nt
512 5012 660 5073 ibidem:
691 5018 790 5088 Aqua
819 5022 1011 5094 proficuae,
1067 5021 1199 5091 lectum,
1219 5020 1254 5081 ut
1264 5023 1335 5097 jam
1354 5019 1390 5079 in
1404 5018 1557 5081 interiori
1570 5019 1681 5080 cordis
1696 5020 1790 5097 legat
1800 5034 1862 5080 non
1973 5038 1974 5099 j

220 5115 326 5174 verbu
347 5125 394 5171 eac
419 5123 479 5169 ore
503 5112 585 5181 ciri,
608 5111 641 5171 et
656 5113 795 5175 torrens
815 5120 1014 5180 redicuduus
1068 5117 1174 5177 solum
1194 5116 1279 5193 quod
1301 5116 1477 5177 consulant
1497 5116 1662 5189 homines,
1681 5118 1742 5178 sed
1766 5118 1861 5180 ctiam
1973 5104 1974 5107 '

220 5204 722 5283 sonssapieuttce(Prou.xr1n,
737 5209 781 5289 4).
798 5215 835 5273 In
850 5213 913 5275 hoc
927 5214 1012 5276 libro
1068 5231 1140 5292 quae
1156 5214 1200 5275 sit
1213 5213 1367 5275 voluutas
1387 5214 1446 5274 Dei
1464 5213 1565 5287 bona,
1581 5214 1615 5275 et
1628 5213 1861 5293 beneplacens,
1973 5262 1974 5307 ,

222 5301 345 5376 scripta
363 5300 440 5361 sunt
458 5300 612 5363 mandata
626 5321 698 5381 quae
713 5307 868 5370 dehemus
889 5311 1010 5384 facere,
1067 5313 1100 5373 et
1112 5310 1268 5388 perfecta.
1279 5310 1464 5372 intellectui
1474 5311 1638 5373 subinfert
1650 5313 1862 5389 sapientiam.

222 5400 256 5457 et
278 5396 366 5455 mela
388 5412 461 5473 quae
484 5397 639 5461 debemus
655 5403 772 5478 uitare,
795 5407 916 5469 inferni
940 5410 1013 5470 tor·
1068 5410 1104 5471 ut
1118 5409 1203 5487 quod
1216 5408 1376 5469 hactenus
1393 5408 1610 5483 intelligebat,
1627 5411 1699 5486 jam
1715 5412 1747 5471 ei
1766 5413 1862 5472 tran·
1973 5448 1974 5491 5

223 5493 333 5553 menta
347 5508 419 5569 quae
437 5494 591 5558 debemus
605 5499 732 5575 timere,
749 5506 781 5565 et
798 5504 941 5567 coelestis
958 5522 1013 5568 re-
1068 5507 1140 5567 seat
1156 5506 1191 5565 in
1206 5504 1371 5577 affectum,
1386 5507 1422 5567 ιι)
1437 5521 1495 5582 per
1510 5505 1724 5582 semetipsam
1739 5522 1865 5584 engra—

223 5589 279 5663 gni
295 5590 429 5664 praemia
445 5609 515 5668 quae
533 5594 690 5659 debemus
710 5616 854 5675 sperare.
880 5605 927 5663 De
950 5604 1012 5665 hoc
1067 5604 1113 5665 tia
1128 5604 1187 5663 Dei
1208 5603 1326 5678 sapiat,
1349 5602 1561 5681 lepidumque
1581 5603 1613 5664 ei
1633 5603 1692 5667 ilat
1715 5606 1749 5667 et
1768 5604 1863 5666 dulce
