3952 6188
88 249 153 313 aar
515 196 1317 323 urouuauuonsrum'noumrmrmun.
1678 243 1744 309 :ss

88 408 144 470 est
157 404 304 477 luxuria,
321 404 397 484 quia
408 401 549 468 luxurie
570 405 659 484 ignis
674 405 736 468 est.
752 405 793 468 nt
806 403 895 467 sicut
948 403 1022 482 plus
1034 403 1161 477 volunt,
1177 403 1263 467 sicut
1274 401 1315 466 de
1329 399 1529 482 hydropicis,
1546 401 1603 481 qui
1615 403 1741 481 quanto

90 504 145 566 illi
158 502 332 580 serpentes
343 503 521 581 projtciuut
533 503 656 579 ignem,
671 503 750 580 quia
764 516 894 564 morsus
949 504 1022 581 plns
1037 502 1152 565 bibunt
1166 503 1260 565 tanto
1282 502 1356 580 plus
1374 501 1499 563 sitiunt
1517 501 1557 562 Et
1573 499 1619 561 ita
1633 500 1684 560 est
1700 499 1741 560 de

90 601 184 678 iguis
196 604 256 673 est,
269 598 314 661 ita
327 598 465 676 spiritus
481 600 623 662 luriunae
638 600 894 677 projicitigneru
948 601 1015 660 illis
1041 601 1096 678 qui
1121 600 1224 661 morsi
1248 599 1386 660 suntab
1417 600 1490 661 istis
1517 596 1739 674 serpentibus.

92 697 508 770 horuntinusetuominos
530 714 595 759 uon
618 697 757 775 possunt
778 696 896 758 satiari
951 697 1043 760 Umle
1072 698 1249 760 Salomon:
1284 700 1425 759 Aoorns
1450 711 1519 758 :tort
1546 695 1743 772 irlaplchitnr

92 795 243 857 luxuria.
257 793 350 856 Unde
364 794 534 857 Salomon:
544 798 652 856 Terra
663 809 732 856 lton
743 794 896 856 sotiatur
944 797 1095 870 pecunia
1110 792 1212 874 (iiccl.
1232 810 1264 866 r,
1279 791 1327 873 9).
1348 796 1388 856 Et
1404 794 1600 871 Apostolus:
1629 796 1744 855 hacta

91 908 188 968 apua
205 889 320 972 (Pron.
341 908 422 953 xxx.
441 890 506 971 lo).
525 894 629 953 'derra
648 893 701 954 est
725 907 805 953 calo
825 891 894 951 hu-
949 896 1104 955 omninno
1122 897 1294 954 malornm
1314 893 1367 953 cst
1384 892 1538 952 acontio
1551 890 1581 971 (i
1601 892 1685 951 Tim.
1697 906 1742 962 v1,

92 1004 208 1059 nimia,
223 987 314 1067 quim
331 989 419 1050 sicut
436 991 526 1050 terra
546 1005 612 1049 nou
634 987 777 1050 satiatur
795 1001 893 1065 aqua,
951 988 1015 1069 10).
1036 991 1076 1052 nt
1096 990 1175 1052 item
1188 988 1383 1066 Apostolus:
1407 990 1527 1049 Orionis
1538 988 1743 1062 fornicator,

92 1086 141 1149 itu
164 1102 245 1148 caro
260 1085 406 1147 burnana
429 1101 496 1149 nou
523 1085 664 1147 satiator
685 1083 830 1146 luxuria.
857 1085 897 1146 Et
950 1088 1012 1149 ant
1031 1090 1238 1158 immitandus,
1257 1085 1318 1148 mit
1336 1098 1549 1147 nosternon
1563 1087 1747 1148 nocetne-

91 1182 168 1248 doel
186 1205 194 1244 ε
213 1183 677 1257 conpulrnemonjumento
691 1185 729 1243 tn
743 1182 897 1244 stercore
950 1186 1136 1248 recitatam
1149 1187 1187 1245 tn
1201 1197 1309 1260 reone
1331 1183 1458 1244 Christi
1472 1182 1506 1243 ct
1519 1184 1584 1243 Del
1597 1179 1693 1260 (liph.
1710 1198 1744 1254 r,

92 1296 159 1344 wo
188 1278 288 1360 (luel.
313 1295 340 1351 1,
368 1279 432 1360 17).
461 1282 615 1343 lumenta
643 1283 720 1341 sunt
744 1277 896 1341 homines
950 1284 997 1364 5).
1017 1284 1149 1359 Moyses
1166 1281 1278 1359 posuit
1297 1279 1482 1356 serpentem
1496 1294 1626 1341 aenenm
1640 1279 1676 1339 in
1698 1278 1745 1340 li-

92 1377 255 1440 carnales
269 1376 326 1454 qui
341 1375 653 1454 computrescuntin
667 1380 895 1447 suostercore,
952 1397 1028 1457 gno.
1069 1384 1134 1442 Pro
1169 1380 1323 1455 serpente
1363 1377 1581 1453 intelligimus
1627 1393 1746 1453 corpus

94 1474 153 1553 qui
176 1473 327 1550 corrupti
348 1476 427 1535 sunt
449 1474 483 1535 et
502 1472 743 1535 abominabiles
758 1472 838 1535 sacti
863 1471 897 1532 in
952 1475 1076 1538 Christi
1092 1475 1144 1536 vel
1159 1474 1267 1552 ipsum
1284 1473 1461 1536 Christum.
1476 1476 1542 1535 Per
1558 1473 1686 1550 lignum
1703 1471 1749 1534 il-

94 1571 213 1633 carnis
227 1570 408 1648 voluptate.
424 1572 549 1633 Tamen
574 1570 691 1632 beatus
718 1569 897 1646 Gregorius
953 1573 1010 1635 lud
1031 1572 1249 1648 intelligimus
1267 1572 1394 1648 lignum
1418 1571 1539 1651 crucis,
1563 1571 1617 1631 rel
1640 1570 1748 1646 ipsam

94 1667 161 1730 hoc
187 1668 287 1730 modo
310 1668 448 1747 exponit
466 1687 474 1730 :
489 1684 508 1728 u
522 1670 677 1731 lumenta
697 1667 733 1728 in
752 1667 899 1729 stercore
953 1686 1097 1733 crucem.
1125 1670 1164 1732 nt
1185 1669 1272 1731 sicut
1298 1683 1413 1730 omnes
1436 1658 1486 1728 illi
1507 1666 1565 1745 qui
1592 1665 1750 1730 ridebant

95 1781 158 1827 suo
188 1766 456 1842 computrescere
488 1766 538 1827 est
566 1764 720 1826 carnales
748 1762 898 1826 homiues
953 1768 1138 1845 serpentem
1151 1781 1294 1836 aeneum
1308 1763 1553 1839 liberabantur3
1570 1763 1617 1824 ita
1630 1762 1681 1824 illi
1690 1764 1749 1840 qui

96 1861 133 1923 in
145 1861 267 1925 tectore
282 1862 426 1923 luxoriae
440 1862 542 1924 sitam
557 1855 700 1924 tinnire.»
955 1865 1068 1928 rident
1086 1867 1201 1927 iesum
1219 1861 1388 1924 Christum
1407 1861 1591 1922 liberantur
1609 1877 1629 1922 a
1649 1860 1747 1922 malis

137 1961 187 2022 De
212 1960 357 2021 secundo
375 1975 498 2037 genere
521 1960 730 2038 serpentum,
755 1957 813 2037 qui
831 1973 899 2020 non
954 1965 988 2025 et
1007 1962 1049 2024 ab
1074 1961 1228 2023 clunibus
1247 1957 1518 2022 tribulationibus
1538 1958 1614 2018 eta
1643 1958 1749 2021 morte

97 2057 254 2119 mordent
279 2055 337 2118 sed
360 2056 541 2134 projiciunt
562 2072 726 2118 venenum
751 2072 826 2116 cum
847 2055 899 2116 si·
954 2061 1113 2139 perpetua
1129 2060 1193 2121 eta
1210 2057 1373 2135 potestate
1392 2055 1517 2118 diaboli
1531 2056 1565 2118 et
1578 2055 1653 2132 post
1665 2070 1750 2116 mor·

97 2152 187 2229 hilo:
217 2170 322 2230 gentis
358 2153 448 2215 istud
475 2153 644 2230 significat
674 2153 811 2230 spirihrs
839 2152 900 2213 irae
954 2160 1021 2219 tem
1041 2157 1227 2233 agehenna
1241 2154 1340 2231 ignis.
1364 2153 1426 2225 Qui
1440 2152 1564 2224 vident,
1581 2151 1676 2224 idest,
1693 2153 1750 2230 qui

98 2251 181 2327 quia
198 2252 250 2312 ira
267 2251 441 2322 natusest,
457 2250 582 2311 etira‘ti
597 2265 728 2326 semper
746 2248 902 2326 rejtctuut
956 2253 1083 2316 iaciunt
1112 2252 1316 2314 voluntatem
1357 2252 1438 2312 lesu
1472 2249 1611 2322 Christi,
1647 2248 1748 2321 idest,

99 2348 243 2431 ilatum„
256 2350 296 2409 Et
317 2347 403 2408 sicut
420 2345 555 2407 illorum
577 2361 682 2422 gellus
707 2345 901 2422 serpentum
957 2366 1058 2429 opera
1077 2365 1149 2421 sua,
1171 2349 1246 2427 ispo
1267 2345 1479 2426 facientequi
1492 2350 1543 2411 est
1557 2345 1751 2410 benedictus

97 2444 236 2506 mordet
262 2460 337 2505 cum
365 2442 464 2504 sibilo
490 2443 525 2504 et
552 2442 645 2514 datu,
672 2445 707 2505 et
731 2457 798 2504 non
827 2457 902 2503 cum
956 2446 1130 2512 insaecula
1144 2446 1479 2509 saeculorumtmen.

96 2556 231 2612 nriirsu,
256 2539 303 2601 ita
323 2539 463 2616 spiritus
483 2539 545 2600 irae
571 2539 699 2601 mordet
722 2540 755 2601 et
778 2540 903 2617 pugnat

98 2652 182 2701 cum
212 2636 399 2698 hominibus
418 2636 581 2697 mittendo
606 2651 783 2698 relicuum.
807 2635 902 2699 Unde

100 2735 229 2810 regitur
256 2735 292 2794 m
314 2732 399 2794 rutro
424 2736 504 2797 seso
530 2732 590 2793 nur
616 2733 754 2795 snat-u:
783 2736 848 2795 na
865 2732 902 2796 et
1305 2695 1404 2784 XIII

98 2834 219 2908 rimor,
250 2832 399 2904 utroq-c
424 2833 635 2893 arcarubtlin
663 2830 756 2904 sunt,
782 2830 820 2894 ct
848 2831 905 2891 aa·

99 2929 268 3003 peccator
300 2928 481 2990 continens
520 2927 588 2990 erit
626 2930 764 2990 litorum
798 2925 901 3008 (Iiccl.
958 2921 1003 2985 IN
1029 2919 1358 2995 QUADRAGESIMA
1387 2919 1593 2981 DOhlINiCA
1618 2919 1753 2983 rainu

104 3039 218 3098 xxvii,
234 3021 299 3103 33).
316 3026 365 3087 Ita
379 3025 412 3087 in
430 3024 515 3087 libro
528 3023 777 3088 Ecclesiastico:
791 3028 904 3090 limae

101 3125 237 3186 dilaniat
250 3124 514 3186 reservatiram
529 3123 600 3186 eto
611 3128 682 3186 Deo
695 3126 823 3200 quant
835 3138 905 3185 me·
998 3130 1085 3189 Ecce
1096 3142 1189 3189 nunc
1208 3127 1343 3200 tempus
1355 3124 1560 3199 acceptabit:
1571 3136 1650 3185 cccc
1661 3135 1755 3184 nnnc

103 3222 220 3283 &lacn
235 3217 341 3299 (Eccl.
358 3236 478 3293 xxrrn,
500 3218 547 3300 3).
570 3223 652 3282 ilem
673 3221 709 3281 in
731 3221 846 3282 eodem
862 3219 906 3280 li-
958 3226 1032 3284 dies
1045 3224 1167 3285 smntts
1182 3222 1212 3302 (l
1227 3224 1300 3284 Cor.
1317 3237 1362 3293 rr,
1375 3219 1422 3300 2).

103 3315 187 3379 bro:
208 3320 312 3379 chrcs
327 3317 366 3379 ct
384 3320 567 3378 truculentia
584 3317 742 3378 :intrauerat
761 3320 851 3388 dics,
871 3317 906 3379 ct
1001 3320 1124 3381 onnrria
1150 3320 1287 3393 tempas
1315 3317 1442 3381 hahent
1470 3315 1505 3379 et
1530 3315 1605 3379 :nis
1630 3315 1756 3390 spotti:

69 3426 73 3434 ·
106 3415 191 3475 anic
214 3414 348 3488 tempus
370 3412 547 3475 correctam
570 3413 714 3475 odduccct
736 3413 907 3489 sopanus
960 3416 1147 3477 transeunt
1163 3420 1330 3477 universa
1349 3412 1691 3492 mmcoelctiiccl.111,
1708 3409 1754 3491 1).

105 3506 210 3588 (licei.
239 3525 325 3581 xxx,
354 3506 421 3588 ‘litt
450 3509 491 3571 Et
513 3510 593 3571 Cato
611 3526 660 3570 :s
690 3511 744 3571 ira
770 3509 908 3587 impedit
962 3510 998 3573 Si
1013 3514 1307 3589 auncesttempus
1321 3510 1535 3589 acceptabile,
1553 3508 1755 3573 sisuntdies

104 3609 266 3673 animum,
286 3621 328 3668 ne
341 3605 446 3684 possit
460 3621 597 3668 cernere
615 3621 738 3668 rerum.
755 3623 774 3667 n
959 3610 1091 3680 salutis,
1106 3611 1136 3671 si
1151 3610 1262 3672 omnia
1276 3611 1407 3687 tempus
1427 3608 1560 3681 habeut,
1582 3607 1612 3670 si
1633 3608 1755 3669 milvus

147 3706 195 3766 ne
214 3703 310 3765 tertio
327 3717 450 3779 gerrem
466 3698 659 3781 serpentum
676 3702 733 3781 qui
752 3703 907 3787 dicuutur
960 3707 1098 3770 incaelo
1119 3707 1290 3785 cognoscit
1312 3708 1442 3783 tempus
1457 3721 1564 3779 suum,
1584 3705 1613 3767 si
1631 3706 1753 3779 turtur,

106 3801 312 3878 scorpiones,
338 3799 507 3877 significat
533 3800 670 3877 spiritus
695 3801 798 3878 gulae,
825 3801 907 3880 quia
961 3805 1103 3868 hirundo
1113 3808 1146 3869 et
1156 3805 1296 3878 ciconia,
1300 3804 1592 3884 juxtaJeremiam,
1602 3802 1757 3866 observa·

108 3897 158 3958 illi
169 3898 228 3976 qui
238 3897 377 3958 multum
386 3897 573 3971 comedunt,
585 3896 672 3961 sicut
685 3900 762 3962 sunt
774 3900 905 3974 divites,
959 3905 1080 3966 rerunt
1091 3904 1220 3981 tempus
1234 3903 1396 3965 adventus
1412 3901 1475 3975 sui,
1490 3918 1551 3963 cur
1560 3902 1593 3963 et
1606 3916 1678 3972 nos,
1691 3899 1772 3963 tra·¹

108 3997 257 4070 potentes
285 3993 342 4072 qui
379 3993 502 4056 habent
528 3994 766 4059 abundantiam
793 4013 906 4059 rerum
960 4002 1040 4074 tres,
1056 4016 1123 4063 nou
1137 4000 1337 4077 suscipimus
1355 3999 1420 4062 boc
1443 4001 1572 4076 tempus
1596 3996 1754 4074 accepta-

110 4092 298 4164 multarum,
320 4093 352 4153 et
372 4091 458 4154 sicui
471 4091 523 4153 illi
544 4093 600 4170 qui
622 4094 753 4156 suntin
766 4095 906 4158 tabenna
959 4098 1027 4159 bile
1052 4098 1095 4159 ad
1116 4096 1281 4173 agendum
1307 4096 1536 4175 poenitentiam
1559 4095 1756 4157 delictorum

109 4186 161 4249 dic
174 4189 340 4266 noctuque
355 4189 388 4251 et
401 4188 578 4251 comedunt
586 4190 827 4264 indifferenter,
845 4207 905 4269 pro
960 4195 1150 4256 nostrorum
1160 4195 1173 4254 t
1185 4196 1412 4270 Agnoscamus
1423 4194 1537 4271 itaque
1551 4194 1585 4255 et
1598 4207 1659 4253 nos
1670 4194 1757 4254 tem-

110 4286 210 4349 multa
235 4285 437 4348 consestione
455 4300 543 4361 saepe
563 4287 596 4347 et
619 4287 742 4364 smptus
772 4288 907 4366 patiun-
960 4306 1022 4370 pus
1032 4290 1273 4363 conversionis,
1284 4289 1498 4361 visitationis,
1510 4290 1544 4352 et
1554 4287 1756 4351 reversionis

111 4380 163 4442 tur
186 4382 427 4445 intimuitatem.
454 4382 548 4445 Unde
565 4384 725 4445 Dominus
744 4385 780 4445 in
795 4388 908 4447 Evan-
960 4388 1094 4451 nostrae.
1110 4388 1146 4451 Si
1160 4402 1240 4464 ergo
1253 4386 1316 4448 fuit
1330 4384 1651 4477 aliquandotempus
1665 4384 1758 4462 plan·

111 4478 217 4553 gello:
232 4481 406 4543 Attendite
418 4495 462 4541 :re
475 4480 907 4559 praventnrccrdacestro
960 4484 1052 4548 tandi
1077 4485 1113 4546 iu
1139 4483 1234 4545 nobis
1259 4483 1342 4546 vitia
1365 4484 1399 4545 et
1424 4483 1578 4561 peccata,
1605 4496 1695 4542 nunc
1715 4480 1759 4545 sit

111 4575 147 4635 tn
157 4583 303 4653 crepulo
319 4577 352 4640 et
372 4576 538 4639 ebrietate
563 4575 657 4656 (Luc.
680 4593 753 4651 xxr,
776 4575 842 4657 34).
867 4580 908 4640 nt
960 4582 1091 4661 tempus
1111 4580 1275 4645 evellendi
1298 4582 1332 4643 et
1353 4578 1543 4657 extirpandi
1567 4577 1654 4656 quod
1668 4578 1757 4641 male

113 4668 206 4737 homo
219 4675 334 4738 t‘entre
347 4673 444 4752 pleno
454 4673 527 4751 plus
538 4673 634 4736 curat
644 4674 686 4736 de
695 4674 906 4754 adimplenda
961 4680 1145 4758 plantatum
1159 4680 1220 4742 est.
1233 4680 1269 4741 Si
1283 4677 1346 4752 tuit
1358 4678 1488 4755 tempus
1499 4675 1671 4739 occidendi
1685 4676 1758 4738 ani·

112 4771 277 4850 uoluptate
305 4788 374 4834 suae
400 4771 524 4844 carnis,
550 4773 711 4849 quamde
735 4774 906 4838 voluntate
961 4794 1033 4840 mas
1052 4779 1184 4840 nostras
1206 4792 1267 4854 per
1290 4775 1423 4848 delicta,
1444 4790 1534 4837 nunc
1558 4765 1605 4838 sit'
1626 4775 1756 4855 tempus

114 4867 181 4930 bei.
199 4868 295 4933 Unde
310 4869 345 4931 iu
360 4869 497 4931 cantico
513 4869 659 4947 Moysis:
676 4875 825 4949 Pinguis
837 4875 909 4947 sac-
961 4874 1103 4936 sanandi
1121 4890 1181 4952 per
1194 4872 1423 4951 poenitentiam
1444 4871 1478 4936 et
1494 4888 1610 4935 veram
1630 4873 1758 4936 conhi-

116 4963 167 5028 tos
186 4967 240 5030 cst
253 4969 288 5029 et
309 4967 536 5039 incrassatus,
554 4968 588 5029 et
602 4970 908 5043 darettpnlthcnm
960 4972 1096 5036 tionem.
1121 4971 1158 5034 Si
1180 4971 1244 5033 tuit
1264 4971 1395 5049 tempus
1414 4971 1592 5048 colligendi
1606 4972 1639 5033 et
1652 4986 1756 5049 repo-

115 5066 170 5135 pnl
182 5065 263 5139 secti
278 5079 359 5128 cum
373 5062 482 5144 (Dent.
499 5080 609 5137 xxxn,
625 5062 689 5143 15).
705 5067 746 5126 Et
760 5066 905 5129 Paulus:
961 5067 1073 5142 nendi,
1089 5084 1179 5130 nunc
1193 5067 1236 5131 sit
1250 5069 1379 5147 tempus
1394 5068 1573 5147 spargendi
1586 5066 1621 5129 et
1635 5064 1757 5144 ampli-

116 5158 248 5240 Costlpo
261 5176 387 5237 corpus
396 5176 523 5236 meunt,
534 5163 570 5224 ct
581 5166 619 5224 tn
631 5162 838 5226 servitutem
848 5179 908 5227 rc·
960 5165 1041 5228 andi
1068 5166 1297 5243 eleemosynas
1322 5166 1445 5243 largas.
1476 5166 1512 5227 Si
1537 5164 1600 5225 tuit
1628 5165 1756 5239 tempus

116 5256 190 5332 ‘²²90
218 5256 478 5338 (100r·11‚27)·
962 5263 1117 5342 loquendi
1136 5263 1280 5338 inutilia,
1306 5280 1395 5326 nunc
1417 5264 1461 5325 sit
1478 5263 1608 5338 tempus
1623 5258 1757 5321 tacendi

154 5354 199 5416 De
220 5356 337 5434 quarto
355 5370 479 5432 genere
493 5357 684 5434 serpentum
699 5356 786 5435 quod
807 5372 909 5421 voca·
961 5376 1060 5435 vana,
1076 5362 1195 5425 nociva
1207 5363 1241 5424 et
1253 5362 1356 5425 verba
1369 5360 1489 5423 otiosa.
1504 5358 1540 5419 Si
1551 5355 1614 5420 tuit
1626 5356 1757 5433 tempus

117 5445 169 5509 tur
194 5452 360 5531 dipsades,
390 5451 558 5529 significat
582 5453 720 5533 spiritus
753 5456 907 5518 avaritiae
962 5458 1168 5538 acquirendi,
1181 5475 1271 5522 nunc
1291 5458 1345 5521 sit·
1358 5458 1489 5534 tempus
1503 5452 1675 5533 perdendi,
1688 5452 1756 5521 imo

122 5546 194 5622 quia
222 5551 317 5613 avari
343 5550 504 5630 quantum
528 5551 603 5629 plus
630 5550 763 5628 habent,
780 5552 907 5616 tantum
962 5554 1175 5636 dispergendi
1197 5556 1296 5636 juxta
1329 5552 1432 5617 illud:
1464 5551 1637 5629 aspersa
1663 5554 1757 5617 dedit

256 5728 370 5775 ramat.
391 5719 465 5776 rond
486 5720 508 5776 l.
1567 5715 1613 5774 rt.
