3936 6182
231 303 291 366 543

271 456 513 526 Monasterium
538 452 651 519 Sancti
667 448 827 530 Stephani
849 447 890 512 ie
908 449 1025 522 Barac,

231 575 334 624 unum
347 555 540 620 bisantium.

270 655 443 735 Hospitale
455 649 825 726 deTalleburgo,unum
834 643 1025 707 bisantium.

270 757 395 817 Domus
409 743 908 826 EleemosynariadeMastacic,
924 758 1026 803 unum

230 850 486 915 marabutinum.

270 954 308 1013 ln
344 946 536 1027 episcopatu
567 939 811 1019 Engclismensi
840 938 1026 1002 :Ecclesia

230 1048 343 1111 Sancti
358 1045 449 1108 Petri
459 1044 499 1107 de
515 1043 635 1119 Stirpe,
651 1042 671 1102 5
688 1039 825 1102 solidos.

269 1143 509 1208 Monasterium
524 1139 638 1203 Sancti
652 1137 777 1211 Osonii,
795 1151 896 1198 unum
911 1149 1027 1197 mara·

227 1244 392 1306 hutinum.

267 1339 508 1404 Monasterium
524 1336 638 1399 Sancti
652 1331 820 1414 Eparchii,
835 1347 937 1393 unum
949 1344 1025 1392 ma-

227 1439 433 1502 rahutinum.

268 1541 306 1599 ln
326 1535 519 1614 episcopatu
543 1527 814 1609 Petregoricensl
835 1529 1028 1590 zMonaste-

227 1635 316 1697 rium
329 1633 595 1703 Tostcriacense,
610 1646 713 1691 unum
727 1626 984 1689 marabotinum.

233 1774 240 1787 ·
267 1731 474 1811 Episcopalis
490 1729 603 1800 Sedes,
618 1730 639 1789 2
653 1725 892 1790 marabutinos.

266 1829 416 1893 Ecclesia
430 1826 544 1889 Sancti
556 1824 746 1897 Frontonis,
757 1818 1024 1884 amararutinos.

267 1925 417 1989 Ecclesia
433 1923 547 1987 Sancti
559 1921 718 1992 austerii,
731 1936 835 1983 unum
849 1916 1027 1983 marabuti-

226 2042 317 2088 num.

268 2119 509 2184 Monasterium
528 2116 729 2186 Sarlatense,
744 2131 848 2178 unum
866 2111 1026 2177 marabu-

225 2220 333 2282 tinum
348 2235 409 2298 pro
423 2232 470 2291 se,
486 2219 520 2280 et
534 2216 639 2281 alium
649 2230 709 2295 pro
719 2214 864 2287 Eitense,
878 2212 911 2276 et
922 2210 1026 2276 elium

225 2334 286 2399 pro
301 2317 502 2401 lsagriense.

267 2416 403 2495 Capella
420 2414 533 2477 Sancti
546 2412 693 2477 Ortechii
706 2411 771 2475 sita
786 2411 822 2474 in
835 2407 971 2473 castello
985 2408 1026 2471 de

227 2517 368 2587 Gorzon,
385 2514 424 2573 10
439 2512 577 2574 solidos.

267 2609 438 2688 Hospitale
451 2609 491 2671 de
502 2606 723 2680 Scornnhove,
736 2620 838 2667 unum
853 2619 1025 2667 meremu-

224 2708 342 2781 tinum,
352 2705 451 2787 [altas
461 2725 472 2768 .·
484 2702 783 2785 mussemutinuml.

270 2809 308 2869 In
318 2803 707 2884 episcopatuhgennensi
717 2824 724 2861 :
734 2800 906 2879 Hospitale
913 2800 1026 2864 Sancti

226 2901 401 2965 Michaelis
423 2901 521 2979 juxta
549 2899 680 2979 portam
710 2899 957 2975 aginnensem,
987 2898 1026 2960 12

225 3000 466 3063 morlanenses.

262 3097 413 3160 Ecclesia
429 3096 544 3159 Sancti
559 3095 722 3175 Caprcsli,
740 3110 843 3156 unum
862 3094 1027 3174 melequi-

224 3212 317 3257 num.

262 3292 503 3356 Monasterium
514 3290 753 3364 condomense,
768 3290 789 3353 5
801 3288 926 3353 solidos
936 3304 1025 3352 mor-

223 3391 391 3454 lonenses.

477 3524 774 3587 GUASCONIA.

263 3688 301 3746 ln
314 3683 481 3747 auxitano
496 3655 806 3760 archiepiscopatu:
823 3680 978 3743 Urbanus
993 3683 1024 3744 ll

226 3785 318 3860 Papa
347 3781 535 3844 coenohium
562 3782 751 3860 Generense
775 3778 810 3840 in
836 3778 1023 3841 Guasconia

224 3879 326 3957 injus
341 3880 374 3942 et
387 3876 624 3956 proprietatem
635 3875 834 3952 Apostolicae
854 3876 949 3938 Sedis
963 3893 1023 3938 re-

225 3977 322 4054 cepit,
340 3977 373 4038 et
387 3972 565 4053 privilegio
583 3971 810 4045 communivit,
831 3972 892 4035 suh
911 3989 1022 4038 annuc

223 4089 328 4135 censu
341 4076 362 4133 2
375 4073 551 4133 unciarum
563 4067 649 4131 auri.

263 4173 301 4232 In
323 4168 471 4246 aquensi
490 4167 683 4245 episcopatu
702 4188 710 4228 ι
726 4166 876 4231 Ecclesia
889 4171 1022 4233 Sanctae

222 4267 348 4340 Crucis,
365 4282 468 4327 unum
483 4264 740 4328 marabutinum.

253 4365 502 4428 >Monasterium
517 4364 631 4426 Sancti
640 4362 804 4426 iohannis
825 4363 866 4426 de
877 4365 1017 4439 Scrdua,

219 4465 378 4528 insolidos
390 4464 531 4525 monetae
546 4462 639 4523 illius
655 4462 764 4525 terrae.

259 4566 297 4625 ln
310 4560 508 4625 Lecccrensi
523 4560 726 4640 episcopatu.

258 4662 296 4721 In
311 4660 505 4737 episcopatu
515 4659 735 4721 Coronarum.

257 4760 296 4818 ln
311 4756 505 4834 episcopatu
517 4755 749 4818 coseranensi.

258 4855 295 4915 In
320 4853 513 4931 episcopatu
526 4852 691 4914 adurensi
708 4852 880 4915 :Ecclesia
904 4855 1017 4917 Sancti

219 4951 335 5014 Severi
349 4966 370 5012 a
386 4950 558 5012 Willelmo
577 4948 691 5010 Sancii
707 4949 896 5014 Wasconiae
917 4951 1017 5014 heato

218 5049 317 5112 Petro
340 5048 469 5122 oblata,
493 5045 590 5108 dehet
609 5046 630 5107 5
650 5044 774 5108 solidos
795 5047 1016 5125 pictavienses

217 5163 277 5225 pro
292 5162 407 5209 censu.

256 5248 293 5306 ln
321 5240 515 5321 episcopatu
544 5239 737 5316 Bigcritano
752 5262 760 5302 ε
777 5243 1016 5307 Monasterium

216 5345 405 5404 Generense
415 5336 515 5416 juxta
527 5337 711 5413 Bigorram,
727 5340 748 5400 2
760 5340 876 5401 uncias
888 5342 974 5403 anri.

256 5442 293 5500 ln
304 5434 497 5515 episcopatu
506 5435 671 5497 Olorensi.

256 5538 294 5596 ln
320 5531 513 5610 episcopatu
535 5532 710 5595 Basatensi
736 5555 744 5594 :
774 5534 1015 5600 Monasterium

214 5630 445 5704 Blautmcntis,
459 5630 479 5689 5
493 5630 617 5693 solidos
627 5630 899 5710 burdegalenses.

848 284 1025 381 uonoau
1046 287 1092 349 ιιι
1113 288 1262 352 casm.

1121 450 1159 512 ln
1172 449 1365 529 episcopatu
1379 451 1610 518 lascurrensi.

1121 547 1160 608 in
1172 547 1363 626 episcopatu
1375 552 1568 629 Batonensi.

1121 646 1159 705 In
1173 645 1461 726 archiepiscopatu
1473 651 1704 715 Narbonensi:
1716 656 1866 721 Monaste-

1080 741 1168 803 rium
1180 744 1404 818 crassense,5
1418 748 1657 813 marabutinos.

1120 841 1358 905 Monastemum
1374 846 1487 909 Sancti
1499 848 1633 923 aniani,
1648 850 1813 914 2sclidos.

1120 940 1359 1003 Monasterium
1371 944 1484 1007 Sancti
1493 946 1615 1021 Pontii,
1628 947 1781 1010 2solidos
1791 966 1864 1012 mer·

1152 1053 1211 1099 ens
1254 1081 1262 1100 .

1079 1036 1271 1197 gahEccleesia
1286 1137 1399 1200 Sancti
1414 1139 1506 1202 Petri
1522 1140 1563 1203 de
1576 1142 1760 1220 lugnano,
1775 1160 1864 1209 nnnn

1080 1232 1337 1295 marabutinum.

1120 1331 1359 1394 Monasterium
1372 1333 1556 1409 Electense,
1574 1352 1676 1399 unam
1690 1336 1808 1401 libram
1818 1356 1867 1405 ar-

1079 1427 1172 1503 genti
1187 1427 1328 1507 singulis
1341 1430 1508 1494 trienniis.

1118 1526 1353 1605 inepisccpatu
1359 1530 1867 1597 carcassonensizMenasterinm

1080 1622 1254 1687 Electense
1272 1641 1372 1687 unam
1394 1626 1514 1690 libram
1535 1631 1666 1707 argenti
1686 1647 1748 1710 per
1769 1633 1867 1696 hicn·

1080 1721 1184 1783 nium.
1199 1753 1242 1769 -
1255 1722 1347 1797 Quod
1359 1723 1447 1788 idem
1462 1741 1537 1789 esse
1548 1726 1674 1790 dicitur
1687 1746 1766 1792 cum
1777 1747 1868 1809 supe·

1079 1832 1181 1881 more.

1119 1917 1157 1979 In
1182 1917 1376 1997 episcopatu
1402 1921 1613 1984 Biterrenslz
1638 1924 1870 1987 Monasterium

1082 2013 1195 2078 Sancti
1216 2014 1357 2091 Tiberii,
1381 2034 1484 2081 unum
1506 2019 1765 2083 marabutinum.
1783 2055 1823 2070 -
1837 2026 1870 2085 ln

1079 2110 1262 2190 agathensi
1274 2114 1410 2178 dioecesi
1426 2119 1479 2181 est
1494 2119 1736 2182 monasterium
1750 2120 1846 2184 istud.

1120 2211 1269 2277 Ecclesia
1289 2214 1401 2277 Sancti
1422 2215 1551 2291 iacobi,
1565 2232 1669 2281 unum
1690 2218 1870 2283 marabuti-

1081 2323 1170 2372 num.

1120 2407 1269 2471 Ecclesia
1284 2411 1398 2475 Sancti
1413 2411 1505 2476 Petri
1515 2409 1556 2477 de
1570 2428 1675 2488 mare,
1690 2429 1795 2477 unum
1808 2430 1872 2476 ma·

1079 2503 1281 2570 mbutinum.

1120 2604 1360 2668 Monasterium
1389 2607 1502 2669 Sancti
1531 2607 1622 2670 Petri
1641 2608 1869 2681 Jussellensis,

1080 2700 1283 2765 Biterrensis
1297 2704 1462 2777 dioeoesis,
1479 2721 1581 2767 unum
1595 2705 1850 2770 marabutinum.

1121 2802 1158 2861 In
1174 2800 1366 2879 episcopatu
1375 2802 1559 2879 agathensi
1572 2825 1581 2864 ε
1595 2804 1781 2884 Episcopus
1791 2809 1871 2881 Aga-

1079 2897 1220 2973 thensis,
1239 2900 1261 2961 2
1281 2899 1508 2963 marabutinos
1534 2916 1655 2964 aureos
1681 2918 1743 2981 pro
1768 2900 1869 2963 insula
1950 2936 1951 2961 ι

1080 2997 1170 3060 Cete.

1119 3096 1358 3162 Monasterium
1373 3096 1487 3157 Sancti
1498 3095 1635 3169 Tiberii,
1652 3112 1758 3158 unum
1773 3112 1869 3159 mara·

1078 3194 1242 3257 hunnum.
1256 3192 1374 3255 -Sed
1387 3194 1438 3256 est
1451 3192 1539 3255 idem
1554 3210 1629 3256 curn
1641 3196 1796 3273 proximo
1814 3210 1867 3255 su-

1079 3292 1216 3372 periori.
1236 3294 1277 3355 Et
1299 3293 1350 3354 est
1373 3292 1410 3354 in
1434 3291 1498 3354 hac
1519 3291 1667 3365 dioecesi,
1691 3292 1864 3355 secundnm

1079 3392 1203 3455 dictum
1216 3388 1367 3466 magistri
1377 3389 1615 3453 Bartholomaei
1634 3390 1676 3452 de
1691 3391 1849 3469 Anagnia.

1119 3492 1158 3553 ln
1173 3488 1365 3568 episcopatu
1379 3487 1567 3551 Lutevensi.

1118 3590 1157 3649 In
1171 3584 1364 3666 episcopatu
1385 3585 1549 3647 Tolosano
1566 3583 1741 3647 :Ecclesia
1762 3584 1866 3647 Sancti

1077 3684 1253 3749 Volusiani
1263 3684 1299 3745 in
1311 3683 1396 3756 loco,
1413 3682 1470 3761 qui
1481 3684 1622 3746 vocatur
1641 3683 1772 3757 Fluxis,
1787 3684 1867 3745 530-

1077 3783 1163 3846 lidos
1179 3779 1412 3862 pictavienses.

1118 3879 1266 3945 Ecclesia
1273 3878 1387 3942 Sancti
1394 3877 1577 3951 Saturnini,
1585 3879 1624 3939 10
1638 3876 1764 3940 solidos
1774 3877 1867 3955 picta·

1076 3993 1220 4042 menses.

1115 4079 1134 4140 J
1137 4091 1262 4139 oannes
1276 4073 1439 4146 Bocados,
1455 4071 1865 4143 ethamundusBesceda,

1076 4173 1165 4237 cives
1180 4170 1468 4249 Montispesulani,
1486 4170 1519 4233 et
1528 4169 1638 4232 nuntii
1654 4169 1827 4232 consulum
1838 4168 1866 4230 et

1075 4269 1322 4335 communitatis
1350 4268 1498 4346 ejusdem
1526 4267 1613 4339 loci,
1639 4265 1864 4330 veneruntad

1075 4369 1245 4432 dominum
1263 4365 1492 4428 Innocentium
1509 4367 1556 4426 ΙΙΙ
1575 4367 1712 4442 Papam,
1730 4367 1770 4427 18
1788 4379 1865 4428 anno

1073 4463 1409 4542 summensehprili,
1431 4464 1464 4525 et
1476 4463 1701 4540 promiserunt
1715 4478 1760 4525 ex
1782 4464 1864 4540 parte

1073 4564 1308 4643 praedictorum
1337 4559 1531 4634 consulum,
1560 4560 1593 4622 et
1624 4559 1863 4623 communitatis

1071 4660 1356 4740 Montispesulani,
1372 4658 1514 4721 reddere
1528 4657 1670 4734 singulis
1690 4659 1791 4719 anius
1807 4660 1863 4719 Ec·

1072 4759 1183 4823 clesiae
1198 4763 1367 4832 Romanae,
1383 4758 1404 4819 2
1417 4770 1548 4818 marcas
1564 4755 1725 4828 auri,100
1739 4771 1862 4817 massc-

1072 4856 1208 4919 mutinis
1234 4871 1295 4933 pro
1318 4854 1466 4932 qualibet
1489 4868 1602 4915 marca
1628 4853 1860 4932 computandis.

1072 4955 1111 5017 Et
1120 4952 1291 5016 solverunt
1301 4966 1362 5028 prc
1374 4950 1482 5029 primo
1494 4966 1583 5012 anno
1598 4949 1634 5011 in
1646 4949 1732 5029 leste
1748 4954 1864 5013 Resur-

1071 5050 1230 5114 rectionis
1242 5048 1424 5112 Dominicae
1434 5046 1585 5124 praedlcti
1600 5047 1726 5109 mensis
1734 5047 1860 5126 aprilis.

1071 5151 1111 5212 Et
1125 5147 1223 5211 dehet
1234 5146 1307 5209 lieri
1318 5145 1439 5209 solutio
1450 5144 1591 5222 singulis
1602 5145 1701 5207 annis
1710 5145 1860 5208 inccdens

1071 5246 1168 5311 resto.

1110 5347 1148 5408 ln
1161 5342 1353 5422 episcopatu
1363 5339 1593 5418 Magalonensi
1605 5362 1613 5401 ε
1625 5341 1774 5403 Ecclesia
1785 5341 1854 5402 lla-

1070 5440 1272 5521 galonensis,
1285 5455 1386 5502 unam
1401 5439 1536 5505 unciam
1547 5437 1633 5500 auri.

1109 5541 1290 5618 Episcopus
1306 5536 1724 5615 Magalonensis,quatuor
1743 5536 1852 5598 uncias

1070 5654 1155 5700 anri.
