3936 6182
209 230 270 293 not

250 389 1007 476 InepiscopatuMonopolitano,dominiPapae

211 488 389 551 similiter:
416 489 659 552 Monasterium
691 492 804 555 Sancti
834 494 1005 572 Stephani,

210 602 311 648 unam
326 587 458 649 unciam
473 588 560 649 auri.

251 686 290 746 In
311 684 502 763 episcopatu
528 686 732 764 Rapollensi,
760 686 886 750 domini
907 693 1007 768 Papae

211 781 375 844 similiter.

250 883 288 941 In
308 879 595 960 archiepiscopatu
614 883 849 947 Beneventano
864 885 1006 949 :Sancta

209 986 317 1047 Maria
332 986 373 1049 de
388 986 562 1062 Sambuco,
578 989 724 1050 2uncias
739 990 826 1052 auri.

248 1085 397 1147 Ecclesia
419 1086 550 1148 Sanctae
564 1086 682 1148 Mariae
705 1088 746 1150 de
760 1089 874 1152 Monte
892 1088 1005 1168 Drogi,

211 1198 314 1243 unum
331 1182 524 1261 sonitatum.

249 1280 407 1342 Ecclesiae
434 1282 546 1343 Sancti
561 1283 706 1357 Thomas,
722 1286 742 1346 3
757 1286 959 1361 romanatos,
975 1288 1008 1350 et

210 1380 230 1438 3
243 1378 338 1455 paria
352 1378 392 1438 de
402 1378 523 1441 oblatis
535 1396 609 1441 cum
625 1381 786 1443 candelis.

251 1477 374 1537 Domus
384 1476 521 1554 Templi,
538 1481 558 1538 4
571 1480 773 1541 romanatos.

248 1573 396 1636 Ecclesia
408 1574 520 1636 Sancti
536 1576 668 1649 Leonis,
684 1578 704 1639 3
717 1577 927 1640 romanatos.

249 1672 489 1735 Monasterium
513 1673 629 1735 Turris
656 1674 807 1751 Maioris,
826 1691 926 1738 unam
939 1692 1006 1739 un-

214 1767 301 1830 ciam
320 1768 405 1830 auri.

249 1865 487 1929 Monasterium
514 1868 645 1931 Sanctae
659 1869 777 1933 Mariae
801 1870 843 1933 de
866 1871 1005 1947 cualdo,

210 1966 375 2026 ttarenos
390 1966 423 2027 et
433 1981 533 2027 unam
549 1965 667 2028 libram
680 1968 816 2030 olibani.

250 2064 288 2124 In
327 2062 520 2141 episcopatu
557 2064 740 2127 Telesino:
768 2067 1007 2131 Monasterium

210 2160 317 2223 sancti
333 2160 410 2233 ciri,
425 2160 526 2223 situm
540 2161 576 2222 in
584 2162 658 2240 ipsa
671 2163 816 2238 civitate,
827 2180 927 2227 unam
943 2181 1008 2228 un-

211 2257 296 2319 ciam
309 2258 394 2319 auri.

250 2359 288 2419 In
298 2357 491 2435 episcopatu
506 2357 636 2421 Sanctae
648 2360 786 2436 ngatnae
799 2378 806 2416 τ
821 2363 896 2439 Ipse
914 2362 1007 2440 epis-

209 2471 311 2532 copus
332 2471 392 2532 pro
411 2455 554 2517 ecclesia
581 2458 711 2520 Sanctae
731 2459 882 2535 agathae,
904 2476 1005 2522 unam

210 2552 344 2614 nnciam
356 2552 441 2614 auri.

252 2652 290 2712 ln
305 2649 498 2727 episcopatu
506 2650 705 2727 Aliphiensi.

252 2748 289 2808 In
305 2746 498 2824 episcopatu
512 2748 635 2809 Montis
651 2750 793 2813 Marani.

250 2846 288 2906 In
303 2845 497 2922 episcopatu
512 2846 635 2907 Montis
651 2848 796 2909 corvini.

249 2944 288 3004 In
322 2940 515 3020 episcopatu
550 2943 703 3007 Avellino
730 2967 739 3005 1
768 2946 1006 3010 Monasterium

211 3040 341 3103 Sanctae
381 3039 497 3101 Mariae
531 3042 653 3103 Montis
683 3043 843 3120 Virginis,
879 3045 1006 3108 ordinis

209 3138 317 3201 sancti
330 3136 511 3212 Benedicti,
527 3137 668 3216 singulis
681 3141 791 3215 annis,
804 3159 907 3205 unum
925 3143 1007 3206 obo-

193 3237 276 3321 lum
286 3251 436 3298 aureum.
454 3235 545 3308 Quod
561 3238 799 3301 monasterium
814 3242 1007 3318 specialiter

209 3334 386 3413 spectatad
401 3334 569 3395 dominum
584 3338 721 3413 Papam.
746 3339 787 3400 Et
800 3338 923 3402 sactum
943 3340 1006 3403 luit

206 3433 375 3505 censuale,
385 3448 473 3494 anno
484 3432 637 3495 idomini
649 3435 832 3498 Alexandri
843 3440 942 3516 Papae
950 3440 1004 3500 IV.

249 3534 286 3594 In
299 3530 491 3608 episcopatu
502 3530 640 3593 Vicano.

249 3631 287 3690 In
299 3628 494 3706 episcopatu
505 3629 695 3690 arianensi.

249 3728 287 3786 ln
301 3725 495 3802 episcopatu
506 3725 700 3803 Bujanensi.

248 3822 286 3882 In
299 3820 491 3898 episcopatu
504 3819 691 3884 asculensi.

248 3921 286 3983 In
301 3917 493 3996 episcopatu
507 3916 684 3980 Licherino
696 3940 704 3979 ε
716 3920 865 3983 Ecclesia
876 3926 1005 3987 Sanctae

207 4016 380 4080 Trinitatis
389 4015 430 4077 de
443 4014 653 4085 castellucio,
664 4018 685 4076 2
698 4016 802 4079 libras
817 4035 914 4082 cerae.

249 4117 287 4177 In
302 4112 494 4191 episcopatu
500 4111 742 4175 Tortibulensi.

248 4214 286 4274 In
300 4209 491 4288 episcopatu
506 4212 721 4275 Draconario.

247 4312 285 4372 In
299 4308 490 4387 episcopatu
504 4307 702 4371 Vulturano.

247 4411 285 4471 ln
293 4406 486 4487 episcopatu
496 4405 901 4487 Alatriuensizllospitale
912 4427 1005 4473 sanc-

206 4509 315 4571 torum
329 4505 560 4584 Apostolorum
576 4506 816 4569 Bartholomaei
835 4509 868 4570 et
887 4511 1004 4572 Jacobi

208 4606 248 4668 de
264 4605 429 4677 Sactione,
445 4603 586 4680 singulis
609 4603 718 4678 annis,
745 4622 848 4667 unum
870 4606 1003 4670 obolum

208 4719 357 4765 aureum.
371 4701 463 4773 Quod
480 4700 645 4778 hospitale
669 4702 861 4779 specialiter
877 4709 1005 4783 spectat

207 4802 250 4865 ad
261 4799 430 4860 dominum
441 4800 576 4874 Papam.

247 4894 419 4972 Hospitale
434 4893 475 4955 de
490 4893 641 4966 Rotellis,
651 4909 754 4955 unum
766 4895 899 4960 obolum
913 4918 1005 4964 mas·

208 4993 420 5059 semutinum.

248 5096 286 5156 ln
312 5086 504 5168 episcopatu
532 5086 1003 5161 civitatens12M0nasterium

206 5196 318 5256 Terrae
337 5186 487 5265 Majoris,
506 5200 567 5262 pro
593 5184 722 5247 duabus
749 5190 911 5267 ecclesiis,
936 5213 1003 5259 una

207 5287 336 5354 scilicet
350 5284 480 5347 Sanctae
495 5282 610 5345 crucis
623 5283 660 5344 in
681 5286 790 5349 castro
812 5291 925 5354 Sancti
941 5296 1004 5355 Se-

206 5389 291 5461 veri,
303 5387 338 5448 et
350 5383 418 5446 alia
434 5380 547 5443 Sancti
571 5381 758 5459 Spiritus,2
774 5388 890 5450 uncias
913 5392 999 5454 anri.

248 5487 285 5545 In
299 5480 491 5560 episcopatu
504 5479 720 5543 Termolensi.

248 5584 285 5641 ln
302 5576 493 5656 episcopatu
507 5577 739 5642 Erechentino.

828 235 1005 301 HONORII
1028 238 1074 301 111
1095 240 1244 302 OPERA.

1102 399 1560 478 InepiscopatuTervinensi.

1101 500 1140 559 ln
1154 496 1346 575 episcopatu
1358 499 1540 560 Bivinensi.

1102 596 1141 656 In
1156 595 1351 673 episcopatu
1362 596 1566 661 Wardiensi.

1103 693 1141 753 In
1155 693 1349 771 episcopatu
1362 694 1567 756 Musanensi.

1101 791 1139 851 In
1158 789 1445 868 archiepiscopatu
1464 791 1695 855 salernitano:
1712 792 1860 854 cavense

1061 887 1258 961 manchium,
1274 890 1294 950 3
1312 888 1437 951 solidos
1455 890 1541 963 anri,
1563 906 1607 952 ex
1632 891 1767 967 regesto
1795 892 1859 953 Ur-

1060 984 1140 1047 bani
1154 988 1254 1063 Papae
1266 988 1308 1056 ΙΙ,
1324 1003 1413 1049 anno
1420 990 1450 1049 2.

1101 1085 1138 1146 In
1151 1085 1344 1162 episcopatu
1359 1086 1617 1163 caputaquensi.

1101 1182 1338 1260 Inepiscopatu
1353 1182 1604 1246 Policastrensi.

1101 1281 1138 1341 In
1150 1280 1342 1358 episcopatu
1364 1281 1576 1358 Nusquitano
1595 1301 1603 1341 ε
1620 1280 1859 1342 Monasterium

1063 1378 1192 1440 Sanctae
1206 1378 1323 1440 Mariae
1337 1379 1378 1440 de
1388 1379 1600 1451 Fundiliano,
1618 1380 1656 1440 10
1667 1380 1809 1440 tarenos
1821 1380 1860 1440 cle

1062 1476 1214 1539 Salerno.

1101 1575 1138 1635 ln
1153 1574 1347 1652 episcopatu
1363 1573 1534 1636 Sarnensi.

1101 1673 1139 1733 ln
1151 1672 1345 1750 episcopatu
1359 1676 1540 1734 Acarnane.

1101 1771 1139 1831 ln
1149 1768 1718 1848 episcopatnMarsicensizEcclesia
1730 1769 1858 1831 8611616

1060 1867 1177 1928 Mariae
1192 1866 1233 1928 de
1245 1867 1444 1940 Pontanena,
1461 1884 1565 1929 unum
1586 1867 1780 1946 sqmlatum.

1100 1964 1272 2043 Hospitale
1299 1965 1409 2027 Portae
1436 1966 1541 2028 Novae
1566 1965 1602 2026 in
1633 1965 1719 2027 Raia
1747 1962 1857 2027 Sancti

1061 2062 1192 2137 Roncii,
1208 2079 1311 2124 unum
1325 2061 1516 2142 squilatum.

1100 2160 1249 2224 Ecclesia
1265 2160 1378 2222 Sancti
1393 2161 1575 2225 salvatoris
1587 2161 1624 2221 in
1636 2160 1747 2239 capite
1754 2164 1856 2237 Agru·

1061 2257 1475 2332 mentino‚2librascerae.

1101 2359 1138 2418 In
1157 2356 1348 2434 episcopatu
1363 2355 1566 2430 Kanellensi
1586 2357 1644 2436 qni
1658 2358 1709 2419 est
1736 2355 1854 2418 domini

1060 2456 1172 2532 Papae.

1100 2554 1138 2614 ln
1154 2551 1442 2630 archiepiscopatu
1461 2554 1710 2631 Amalphitano.

1100 2651 1138 2712 In
1152 2650 1345 2727 episcopatu
1360 2651 1549 2729 capritano.

1099 2750 1137 2810 ln
1152 2748 1345 2826 episcopatu
1358 2748 1520 2811 scalensi.

1100 2848 1139 2908 ln
1153 2846 1346 2924 episcopatu
1360 2846 1556 2908 Mironensi.

1100 2958 1136 3006 m
1151 2943 1344 3021 episcopatu
1359 2944 1539 3006 Litterano.

1100 3045 1137 3103 ln
1152 3040 1440 3119 archiepiscopatu
1455 3042 1663 3104 Surrentino.

1101 3141 1139 3201 In
1153 3138 1347 3217 episcopatu
1359 3138 1530 3200 Lobrensi.

1101 3240 1138 3298 ln
1153 3237 1347 3315 episcopatu
1358 3236 1514 3314 Equensi.

1100 3337 1138 3397 ln
1154 3334 1345 3412 episcopatu
1356 3334 1491 3397 castelli
1506 3333 1620 3395 Maris.

1100 3436 1138 3495 In
1152 3431 1441 3509 archiepiscopatu
1452 3432 1685 3509 Neapolitano.

1101 3528 1533 3607 Inepiscopatudversano.

1100 3631 1138 3690 ln
1151 3628 1344 3705 episcopatu
1356 3627 1499 3689 Nolano.

1100 3729 1138 3788 ln
1153 3724 1347 3804 episcopatu
1358 3723 1551 3786 Puteolano.

1100 3826 1139 3886 In
1152 3823 1344 3902 episcopatu
1359 3824 1518 3884 cumano.

1100 3925 1138 3983 ln
1150 3921 1344 3998 episcopatu
1358 3920 1501 3982 lsclano.

1060 4023 1097 4082 In
1112 4018 1403 4095 archiepiscopatu
1417 4019 1588 4095 capuano.

1100 4121 1137 4181 In
1150 4117 1343 4193 episcopatu
1354 4114 1534 4191 Tyanensi.

1100 4218 1137 4277 ln
1150 4213 1344 4291 episcopatu
1367 4209 1533 4273 calvensi.

1099 4306 1847 4389 Inepiscopatucalinulensi:EcclesiaSancta

1057 4411 1186 4482 Mariae,
1202 4424 1301 4469 unam
1314 4407 1447 4468 unciam
1458 4406 1545 4468 auri.

1099 4510 1137 4570 In
1147 4505 1340 4584 episcopatu
1355 4504 1545 4566 casertano.

1098 4609 1135 4667 In
1150 4603 1341 4683 episcopatu
1353 4604 1532 4664 Suessano.

1098 4707 1136 4766 ln
1168 4701 1362 4779 episcopatu
1385 4697 1595 4761 Venafrano:
1616 4698 1848 4781 Monasterium

1059 4801 1172 4866 Sancti
1186 4797 1354 4862 Vincentii
1367 4796 1407 4858 de
1423 4799 1560 4869 Sanora,
1575 4799 1596 4857 3
1610 4795 1783 4874 squilatos.

1097 4903 1135 4962 ln
1148 4896 1340 4976 episcopatu
1350 4894 1582 4972 nquinatensi.

1098 5000 1136 5060 In
1161 4994 1353 5074 episcopatu
1380 4994 1518 5064 Soran0,
1556 4992 1612 5069 qui
1642 4993 1694 5054 est
1731 4990 1849 5053 domini

1057 5099 1175 5173 Papae:
1189 5090 1428 5155 Monasterium
1444 5089 1556 5152 Sancti
1569 5089 1746 5162 Dominici,
1757 5088 1848 5150 l2de

1057 5194 1171 5255 uarios
1185 5190 1372 5270 papienses,
1400 5188 1434 5251 et
1451 5189 1509 5248 100
1521 5186 1660 5248 brachia
1689 5186 1791 5264 panni
1816 5185 1847 5245 in

1057 5291 1220 5353 Paschate
1230 5290 1263 5352 et
1277 5288 1312 5349 in
1324 5285 1518 5349 Nativitate.

1096 5393 1135 5452 In
1158 5386 1350 5468 episcopatu
1377 5384 1548 5462 cajetano,
1574 5383 1706 5461 quiesi
1730 5378 1847 5443 domini

1057 5492 1353 5663 PaIlnaeepiscopatu
1377 5579 1548 5652 Fundano,
1573 5579 1629 5655 qui
1655 5580 1705 5641 est
1729 5575 1846 5640 domini
