3960 6188
107 360 178 421 <937
719 357 765 420 IN
787 354 917 418 FESTO
940 351 1245 418 PENTECOSTES.
1700 351 1762 413 938

103 516 280 597 praecipue
298 516 455 580 ridentur
476 532 551 580 esse
577 517 728 594 legenda,
753 516 908 579 videlicet
959 514 1118 578 distincta
1148 530 1208 592 per
1238 513 1365 592 septem
1396 511 1456 574 illa
1491 511 1668 589 praeoepta,
1686 526 1760 588 qum

102 616 248 693 tempus,
273 614 377 689 locus,
402 616 530 688 modus,
554 616 588 677 et
600 615 741 694 species.
765 618 906 692 Tempus
960 613 1106 674 secunda
1120 612 1235 674 tabula
1249 610 1451 673 continebat.
1468 609 1635 687 inquibus
1649 610 1762 671 osten·

102 714 329 785 Pentecostes
346 714 434 775 unde
449 714 620 775 sciendum
642 715 704 786 est,
721 714 799 791 quia
814 728 905 789 prae·
960 711 1050 772 ditur
1062 710 1194 788 qualem
1210 725 1247 770 se
1262 709 1421 771 exhibere
1436 708 1554 770 debeat
1568 708 1666 769 homo
1680 722 1760 784 erga

104 811 241 887 ceptum
261 810 324 872 init
344 810 422 871 tiliis
438 811 540 873 Israel
556 827 575 872 a
591 814 658 873 Deo
675 827 734 889 per
756 813 904 887 Moysen,
960 808 1162 884 proximum,
1178 806 1455 885 quemadmodum
1478 807 1514 867 in
1542 804 1648 867 tribus
1671 820 1761 881 praa·

104 910 144 970 nt
176 907 220 969 ab
250 908 358 970 altero
393 908 447 969 die
482 909 620 970 Paschae
651 912 907 970 numerarentur
960 905 1154 967 cedentibus
1181 905 1330 965 numeris
1356 903 1601 964 demonstratur
1628 903 1760 981 qualern

101 1005 229 1082 septies
243 1006 371 1082 septem
395 1006 477 1078 dies,
500 1006 586 1068 idest
604 1006 823 1083 quadraginta
844 1021 907 1066 no-
961 1019 996 1064 se
1009 1001 1168 1063 exhibere
1187 1001 1305 1063 debeat
1319 1001 1418 1062 bomo
1432 1017 1512 1077 erga
1534 1000 1648 1062 Deum.
1666 1000 1762 1062 Unde

103 1119 193 1176 vern,
210 1105 243 1164 et
254 1102 303 1164 sio
318 1103 424 1165 altero
437 1104 490 1165 die
505 1103 730 1165 celebraretur
743 1101 906 1165 festivitas
961 1100 994 1161 et
1005 1100 1111 1176 prima
1122 1098 1236 1161 tabula
1249 1099 1337 1160 diota
1350 1098 1416 1171 est,
1429 1098 1506 1175 quia
1522 1097 1761 1159 excellentiora

105 1201 334 1263 Pentecostes.
356 1200 465 1263 Judaei
484 1199 908 1263 celebrantistamiestiui·
961 1197 1108 1259 continet
1129 1197 1295 1268 mandata,
1317 1211 1391 1273 quae
1416 1196 1585 1273 pertinent
1598 1196 1639 1256 ad
1655 1196 1762 1256 dilec-

104 1296 209 1357 tatem
233 1294 268 1354 in
291 1295 485 1356 memoriam
512 1295 598 1357 datae
619 1294 716 1371 legis,
739 1294 819 1373 quia
845 1292 906 1353 lilii
960 1293 1085 1372 tionem
1107 1294 1177 1355 Dei.
1195 1293 1346 1355 Secunda
1361 1294 1484 1365 autem,
1507 1293 1585 1370 quia
1600 1291 1761 1353 inferiora

106 1392 212 1453 lsrael
235 1391 444 1468 egredientes
459 1408 502 1454 ex
521 1395 676 1470 AEgypto,
700 1392 907 1469 quinpnge-
961 1393 995 1454 et
1018 1391 1171 1469 proxima
1204 1395 1278 1468 post
1306 1391 1379 1453 baec
1406 1391 1574 1468 precepta
1598 1389 1758 1461 continet,

103 1489 193 1550 simo
210 1488 264 1550 die
278 1491 480 1567 acceperunt
499 1490 606 1566 legem
627 1490 663 1551 in
687 1492 798 1552 monte
812 1489 905 1560 Sina,
960 1504 1034 1566 qnae
1049 1489 1215 1566 pertinent
1236 1488 1277 1549 ad
1296 1488 1507 1550 dilectionem
1523 1487 1678 1566 proximi.
1699 1488 1760 1549 Vel

105 1599 183 1662 quae
198 1583 255 1645 lex
268 1584 356 1646 esset
370 1583 475 1646 forma
490 1585 523 1646 et
537 1584 688 1648 doctrine
706 1600 831 1646 eorum.
960 1586 1068 1663 prima
1082 1586 1194 1649 tabula
1206 1587 1339 1659 dicitur,
1354 1587 1432 1664 quia
1445 1587 1479 1647 in
1493 1602 1532 1647 ea
1547 1586 1760 1648 continentur

147 1682 227 1743 Tria
246 1681 394 1745 continet
414 1682 471 1744 lex
490 1683 612 1761 scripta
629 1704 637 1743 ε
654 1683 830 1760 praeoepta,
851 1696 908 1743 sa·
961 1685 1140 1761 praecepta,
1167 1700 1241 1762 uuae
1270 1684 1442 1746 insinuant
1470 1684 1579 1745 fldem.
1608 1683 1760 1744 Secunda

104 1779 290 1851 crementa,
306 1779 480 1856 promissa.
497 1783 534 1841 in
548 1780 723 1858 praeoeptis
742 1779 793 1841 est
810 1780 907 1841 meri-
960 1782 1082 1855 autem,
1111 1783 1188 1860 quia
1214 1782 1250 1843 in
1274 1797 1314 1842 ea
1342 1781 1554 1842 continentur
1581 1781 1758 1858 praecepta,

104 1876 195 1950 tum3
212 1876 249 1937 in
271 1877 443 1953 promissis
458 1880 508 1941 est
522 1878 714 1955 proemium3
731 1878 766 1939 in
788 1893 906 1939 sacra·
960 1896 1034 1958 quae
1061 1880 1230 1941 instruunt
1249 1879 1292 1940 ad
1317 1878 1442 1939 bonam
1463 1878 1701 1954 operationem.
1723 1880 1761 1939 ln

105 1974 230 2035 mentis
252 1974 303 2036 est
323 1974 536 2052 adjutorium.
550 1978 616 2037 Per
637 1976 802 2053 praeoepta
822 1991 907 2036 eun·
960 1976 1068 2055 prima
1080 1976 1203 2049 tabula,
1220 1977 1286 2038 trie
1301 1977 1378 2038 sunt
1391 1975 1568 2054 praecepta,
1582 1976 1672 2054 quia,
1688 1991 1762 2053 quae

103 2069 186 2130 dum
196 2069 305 2133 iuerat
317 2071 358 2133 ad
371 2072 544 2148 promissa.
562 2072 627 2135 Sed
642 2072 720 2151 quia
734 2073 833 2135 homo
847 2088 907 2150 per
961 2075 1024 2137 tide
1044 2074 1190 2137 creditur
1205 2074 1362 2147 Trinitas,
1380 2073 1432 2135 est
1450 2076 1548 2135 Deus.
1561 2076 1598 2135 ln
1614 2074 1761 2138 secunda
1851 2114 1857 2125 ι

104 2183 142 2229 εθ
185 2168 337 2230 infirmus
374 2169 466 2241 erat,
501 2172 665 2232 venerunt
698 2172 906 2233 sacramenta
959 2172 1073 2235 tabula
1091 2173 1217 2250 septem
1238 2174 1316 2234 sunt
1337 2173 1513 2250 praeoepta,
1528 2171 1607 2250 quia
1621 2172 1657 2232 in
1672 2187 1760 2249 prae-
1789 2222 1795 2231 .

104 2265 217 2327 media
251 2267 339 2328 inter
372 2269 537 2345 praecepta
567 2269 601 2330 et
627 2269 801 2346 promissa,
831 2285 905 2347 quae
960 2270 1047 2332 senti
1061 2270 1130 2331 uita
1149 2271 1289 2343 tantum,
1306 2286 1380 2347 quae
1401 2271 1528 2347 septem
1549 2270 1678 2331 dierum
1693 2269 1762 2330 cir·-

105 2363 202 2425 illum
230 2364 428 2442 edjnuarent
459 2366 493 2427 et
526 2364 568 2426 ad
605 2367 771 2444 praecepta
800 2367 905 2444 perfi-
960 2367 1035 2429 culo
1054 2368 1210 2441 volvitur,
1234 2367 1345 2430 oitloia
1366 2368 1583 2430 humanitatis
1607 2368 1760 2445 proximo

103 2461 238 2533 cienda,
254 2463 287 2524 et
301 2462 342 2524 ad
355 2462 519 2540 promissa
533 2463 723 2526 obtinenda.
740 2464 807 2529 Sub
832 2465 905 2542 lege
960 2463 1171 2526 exhibentur.
1187 2463 1264 2525 Tria
1279 2480 1359 2526 vero
1386 2465 1418 2527 et
1437 2465 1562 2542 septem
1582 2464 1760 2526 denarium

104 2559 254 2620 naturali
267 2574 373 2636 pauca
395 2561 490 2622 erant
509 2563 728 2625 sacramenta.
744 2562 811 2624 Sub
832 2562 905 2640 lege
960 2561 1136 2640 complent,
1159 2562 1237 2639 quia
1256 2561 1437 2638 perfectum
1456 2560 1535 2624 iacit
1553 2561 1635 2624 tides
1657 2562 1760 2633 recta,

103 2657 219 2717 autem
242 2657 371 2735 Scripta
385 2659 525 2736 utraque
539 2659 756 2737 multiplicata
771 2661 858 2732 sunt,
873 2661 906 2722 et
959 2659 993 2722 et
1004 2660 1153 2737 operatio
1173 2659 1271 2721 bona.
1296 2660 1444 2721 Primum
1468 2660 1669 2737 praeoeptum
1684 2659 1759 2736 pri-

104 2756 288 2830 praecepta,
310 2755 465 2841 scilicet,
500 2758 532 2817 et
566 2758 786 2819 sacramenta.
819 2760 904 2819 Nam
959 2773 1023 2838 mae
1036 2756 1159 2819 tabulae
1177 2757 1218 2817 ad
1238 2760 1342 2819 Deum
1354 2759 1488 2819 Patrem
1502 2758 1657 2834 pertinet,
1673 2758 1762 2826 sicut

102 2865 183 2911 cum
211 2851 354 2927 primum
379 2853 527 2914 medicus
554 2856 642 2915 Deus
670 2854 711 2915 ad
737 2855 904 2916 hominem
959 2857 1161 2932 preceptum
1193 2854 1336 2932 primum
1370 2854 1525 2916 secundae
1561 2854 1684 2917 tabulae
1716 2855 1759 2916 ad

104 2948 271 3023 aegrotum
292 2950 475 3011 curandum
494 2952 700 3023 accessisset,
716 2952 821 3013 toturn
842 2967 903 3013 oc·
959 2952 1127 3013 hominem
1159 2952 1298 3030 patrem,
1329 2952 1366 3014 ut
1400 2954 1541 3029 utraque
1575 2952 1759 3029 paternitas

102 3046 288 3121 oupaverat
313 3046 460 3119 morbus,
480 3048 565 3125 quod
591 3049 696 3110 totum
724 3049 904 3127 reliquerat
958 3049 1115 3127 principii
1141 3049 1340 3111 auctoritate
1367 3047 1559 3110 honoretur.
1587 3051 1625 3110 In
1651 3050 1759 3125 prima

104 3139 210 3201 salus.
234 3142 274 3204 nt
287 3144 441 3219 apposuit
464 3144 499 3206 in
520 3161 658 3222 corpore
682 3147 814 3221 generis
839 3146 905 3207 hu·
958 3146 1071 3209 tabula
1083 3146 1263 3223 praeceptio
1275 3146 1336 3218 est,
1348 3146 1381 3206 et
1391 3144 1590 3222 prohibiti03
1605 3146 1760 3208 similiter

105 3238 200 3299 mani
229 3239 393 3317 imprimis
414 3257 520 3318 pauca
550 3243 699 3304 antidota
727 3244 761 3306 et
787 3244 904 3320 paucis
958 3244 994 3304 in
1009 3243 1165 3329 secunda,
1181 3245 1218 3304 ut
1237 3242 1371 3307 studeas
1385 3258 1425 3304 ea
1440 3243 1550 3305 iacere
1570 3259 1644 3321 qnae
1658 3243 1758 3307 debes

105 3334 274 3409 membris,
291 3336 354 3398 boo
370 3338 430 3410 est,
451 3339 602 3415 personis
617 3340 743 3416 paucis,
760 3340 798 3401 ut
816 3356 903 3417 pau·
958 3342 992 3403 et
1004 3355 1122 3402 cavere
1135 3356 1208 3417 quae
1225 3355 1293 3401 non
1314 3339 1424 3401 debes.
1442 3343 1480 3402 lu
1493 3341 1599 3403 altero
1614 3358 1757 3420 namque

103 3429 200 3493 latim
214 3432 348 3495 morbus
363 3434 529 3505 deiiceret,
554 3437 587 3498 et
611 3436 703 3497 salus
727 3435 901 3500 cresceret.
958 3437 988 3498 si
997 3436 1150 3506 offendis,
1160 3436 1316 3499 delictum
1327 3437 1440 3513 est3in
1448 3439 1553 3500 altero
1563 3439 1593 3499 si
1603 3438 1755 3511 offendis,

104 3529 227 3589 Postea
255 3528 315 3590 sub
350 3530 424 3607 lege
458 3533 598 3610 scripta,
626 3534 773 3595 remedia
807 3535 903 3613 plura
957 3535 1149 3612 peccatum:
1168 3533 1279 3596 facere
1303 3536 1392 3596 enim
1407 3534 1648 3599 nonfacienda
1672 3553 1760 3615 pec,-

101 3624 256 3698 contulit,
273 3627 306 3688 et
316 3626 430 3705 plures
445 3630 624 3706 reparavit.
957 3632 1067 3697 catum
1083 3633 1154 3708 est;
1177 3631 1330 3695 iacienda
1343 3634 1456 3695 autom
1479 3647 1550 3697 non
1569 3633 1688 3696 iacere
1704 3635 1760 3697 de·

146 3720 215 3781 Sub
234 3722 307 3800 lege
328 3726 475 3787 naturali
489 3727 553 3789 duo
569 3730 735 3807 praecepta
756 3727 900 3802 inerunt,
957 3729 1083 3791 lictum.
1097 3730 1182 3791 Nam
1197 3730 1230 3790 et
1244 3728 1303 3791 illa
1316 3729 1433 3792 decem-
1453 3730 1608 3792 mandata
1622 3732 1658 3792 in
1673 3731 1759 3795 dua-

103 3817 139 3879 et
166 3817 232 3880 tria
255 3823 463 3884 sacramenta
485 3844 494 3885 t
519 3842 538 3884 ε
561 3825 653 3897 Quod
678 3825 738 3887 tibi
764 3842 831 3888 non
851 3827 903 3888 vis
956 3826 1018 3888 bus
1045 3825 1167 3889 tabulis
1193 3827 1270 3887 sunt
1298 3826 1497 3904 conscripta.
1526 3829 1605 3899 Quae
1630 3829 1666 3890 in
1689 3846 1756 3891 una

105 3915 190 3988 fieri,
213 3917 273 3978 alii
297 3934 338 3981 ne
362 3918 493 3983 feceris.
516 3939 535 3981 ›
559 3922 598 3984 nt
618 3943 626 3983 ε
646 3925 902 4002 «Quaecumque
956 3923 1048 3996 sunt,
1072 3922 1134 3985 Dei
1161 3922 1373 3985 dilectionem
1406 3924 1587 3987 insinuant.
1611 3928 1756 3998 Quorum

104 4014 208 4077 vultis
232 4017 268 4078 ut
289 4015 415 4078 iaciant
436 4017 531 4080 uobis
552 4018 714 4094 homines,
735 4022 850 4083 eadem
869 4022 903 4084 et
956 4020 1099 4097 primum
1118 4021 1244 4098 spectat
1268 4020 1310 4082 ad
1329 4022 1462 4083 Patrem
1486 4042 1494 4081 ι
1515 4025 1596 4084 Non
1620 4027 1757 4086 babebis

105 4127 166 4172 vos
178 4112 276 4174 facite
293 4113 372 4175 illis.
384 4114 491 4176 »Tria
510 4119 717 4180 sacramenta
729 4140 737 4179 ε
749 4118 901 4195 deoimae,
955 4121 1066 4179 Deum
1078 4121 1229 4179 allecum
1242 4115 1360 4196 (Exod.
1376 4115 1492 4196 xx,.3).
1511 4119 1756 4183 Secundumad

106 4207 291 4271 oblationes
306 4213 339 4272 et
353 4212 529 4274 sacrificia.
541 4213 684 4277 Decime
696 4215 730 4275 in
744 4216 902 4292 portioni·
956 4214 1077 4278 Filium
1098 4235 1107 4275 ε
1129 4217 1208 4278 Non
1228 4229 1386 4275 ossuum
1409 4230 1535 4278 comeo
1556 4220 1622 4279 Dei
1645 4217 1696 4279 tut
1719 4223 1757 4281 tu

106 4303 178 4379 bus,
201 4307 384 4370 oblationes
406 4308 442 4369 in
465 4309 576 4382 rebus,
596 4311 762 4373 sacrificia
777 4312 811 4373 iri
826 4314 903 4374 ani·
955 4326 1085 4373 canum
1104 4308 1197 4389 (ibid.
1212 4326 1271 4383 xx,
1287 4309 1333 4388 7).
1348 4311 1506 4375 Tertium
1524 4312 1566 4373 ad
1595 4315 1755 4390 Spiritum

106 4404 259 4466 malibus.
285 4404 353 4466 Sub
381 4405 454 4482 lege
490 4406 613 4484 scripta
640 4408 743 4470 multa
768 4408 902 4475 fuerunt
957 4408 1113 4469 Sanctum
1128 4429 1136 4467 ε
1149 4407 1323 4469 Menenio
1337 4408 1631 4473 utdwmsocbctt
1648 4425 1755 4474 sonc-

107 4502 326 4574 sacramenta,
349 4503 383 4564 et
403 4503 506 4566 multa
528 4508 705 4583 praecepta.
731 4508 902 4585 Praecepta
957 4506 1066 4578 linces
1080 4503 1173 4584 (ibid.
1189 4521 1247 4577 xx,
1263 4504 1316 4584 8)..

106 4596 195 4657 enim
214 4597 296 4674 legis
312 4599 443 4676 scriptae
458 4599 526 4661 alia
541 4602 687 4675 mobilia,
702 4603 768 4664 alia
784 4604 903 4667 immo-
997 4605 1066 4664 Nos
1080 4618 1161 4663 vero
1176 4601 1384 4663 celebramus
1398 4603 1617 4666 Pentecosten
1637 4605 1673 4668 in
1690 4605 1757 4667 bo-

106 4690 198 4755 bilia.
214 4695 350 4757 Mobilia
367 4697 444 4758 sunt
458 4714 531 4775 quae
546 4714 589 4760 ex
603 4699 901 4777 dispensationead
956 4716 1070 4762 norem
1102 4700 1246 4777 Spiritus
1279 4700 1455 4772 Paracliti,
1490 4701 1547 4779 qui
1579 4702 1676 4765 datus
1706 4706 1757 4769 est

106 4789 235 4869 tempus
269 4795 346 4855 sunt
390 4795 564 4870 ordinata;
588 4796 771 4859 immobilia
812 4800 899 4873 sunt,
956 4797 1123 4875 Apostolis
1158 4797 1435 4874 quinquagesima
1472 4797 1547 4872 die,
1584 4802 1759 4878 postquam

107 4902 179 4963 quae
194 4890 348 4951 enatura
362 4891 511 4954 veniunt.
528 4894 567 4956 Et
581 4895 635 4955 vel
653 4884 701 4957 ita
722 4895 811 4957 mala
825 4900 903 4959 sunt
957 4894 1108 4956 Christus
1124 4894 1271 4957 surrexit
1285 4909 1305 4955 a
1320 4894 1480 4968 mortuis,
1488 4896 1575 4961 sicut
1591 4898 1662 4976 ipse
1677 4899 1759 4963 dicit

107 4982 143 5044 nt
163 4985 254 5047 nullo
277 4987 425 5064 tompore
443 4987 516 5049 sine
539 4989 637 5065 culpa
660 4992 788 5067 possint
815 4992 900 5065 lieri,
956 4993 992 5052 in
1008 4991 1188 5067 Evangelio
1205 5012 1212 5051 ε
1228 5008 1247 5051 c
1262 4992 1449 5057 Factusest
1460 4995 1596 5072 repente
1613 4996 1654 5058 de
1671 4997 1762 5059 coelo

106 5080 159 5141 vel
181 5082 228 5144 ita
243 5083 340 5156 bona,
356 5085 393 5145 ut
408 5085 500 5146 nullo
524 5086 671 5163 tempore
686 5089 815 5164 possint
829 5090 902 5152 sine
957 5104 1082 5160 sonus,
1107 5089 1265 5166 tanquam
1295 5088 1505 5153 advenientis
1530 5092 1667 5170 spiritus
1692 5110 1758 5154 re-

106 5177 201 5255 cnlpa
216 5179 347 5242 dimitti.
363 5181 549 5244 immobilia
564 5200 645 5261 ergo
669 5186 724 5247 lex
739 5187 902 5251 naturalis
956 5185 1142 5257 hamentis„
1168 5186 1207 5249 et
1231 5185 1374 5263 replevit
1402 5187 1505 5249 totam
1538 5187 1671 5251 domurn
1700 5180 1758 5251 ubi

108 5274 305 5340 solahabuit
319 5277 445 5340 duobus
460 5282 900 5360 praeceptisoomprebensa:
957 5284 1054 5344 erant
1078 5281 1242 5344 sedentes.
1272 5283 1313 5345 Et
1337 5285 1564 5360 apparuerunt
1587 5284 1656 5347 illis
1682 5286 1756 5348 dis-

107 5370 142 5431 in
157 5390 220 5435 uno
232 5374 319 5437 bona
340 5376 575 5454 praecipiendo,
592 5379 625 5442 et
640 5380 677 5443 in
694 5381 799 5442 altero
814 5383 902 5445 mala
957 5380 1085 5458 partitae
1100 5379 1223 5456 linguae
1243 5380 1401 5458 tanquam
1423 5380 1511 5456 ignis
1528 5381 1684 5460 seditque.
1696 5400 1758 5444 su-

107 5471 321 5545 probibendo.
957 5493 1017 5555 pra
1041 5477 1192 5553 singulos
1216 5493 1368 5538 eorum»
1394 5474 1484 5555 (Act.
1510 5481 1556 5552 ll,
1580 5481 1626 5553 2,
1642 5478 1698 5559 3),
1719 5486 1758 5545 In

146 5570 224 5631 ilaeo
245 5587 324 5633 vero
350 5571 415 5633 duo
442 5574 609 5651 praecepta
635 5574 799 5638 naturalis
819 5576 902 5654 legis
957 5576 1021 5637 bac
1040 5575 1148 5653 figura
1165 5574 1308 5652 Spiritus
1327 5575 1637 5653 Sanctusapparuit
1651 5583 1759 5657 Apos-

109 5679 167 5739 per
179 5667 286 5745 legem
306 5669 464 5748 scriptam
479 5670 579 5734 latins
603 5673 767 5753 explicata
782 5676 904 5739 suntet
957 5674 1052 5746 tolis,
1081 5672 1159 5754 quin
1186 5688 1244 5737 eos
1271 5672 1386 5751 contra
1415 5673 1535 5737 fluctus
1558 5676 1690 5751 mnndi,
1716 5694 1760 5744 ne
