3980 6198
206 337 262 398 asi

209 500 281 567 dos,
298 495 335 555 ut
356 490 396 553 ab
409 485 598 564 huiusmodi
612 480 803 561 juramento
826 475 1005 539 absolvant

208 597 299 667 illos,
312 589 492 670 qiiosidem
509 581 784 658 archiepiscopus
798 575 1004 637 adtestimo·

210 694 302 754 iiiam
317 688 452 751 duxerit
467 680 714 762 producendos;
745 691 804 737 eos
828 671 1004 735 nihilomi-

210 808 285 862 nus,
295 786 377 865 sifse
392 784 513 861 gratia,
523 777 675 850 odio‚vel
686 776 806 838 timore
823 771 1005 833 subtraxe-

209 890 289 959 rint,
319 881 530 946 districtione
562 875 665 938 simili
693 870 935 947 compellentes
962 866 1003 927 ad

209 983 449 1065 perhibendum
472 967 863 1039 testimoniiimaeriiali.

431 1222 652 1316 itiones
684 1219 775 1307 XIV

329 1411 371 1457 nia
393 1405 470 1454 sins
491 1393 804 1450 iasraonisaroauu
824 1376 883 1455 (1).

393 1517 533 1579 ll'i'eolao
550 1508 757 1572 Scrtiaiuito.
775 1498 825 1582 (a)

527 1690 665 1753 CAPUT
679 1688 705 1747 Ι.

254 1868 358 1938 Quam
370 1856 484 1921 Lando
496 1846 753 1931 patertuasam
768 1839 1007 1905 tabellionatus

214 1962 413 2038 frangebatur
427 1953 549 2023 officio,
562 1948 667 2009 morte
683 1942 885 2021 praeventus‚
897 1934 1009 2012 nequi·

214 2063 299 2127 verit
314 2056 464 2136 quaedam
487 2045 813 2117 instrumentaque
836 2033 1010 2110 receperat

214 2151 471 2223 conscribenda,
487 2144 669 2213 conficere,
691 2154 752 2200 nos
776 2139 845 2197 tam
871 2132 940 2193 illis
967 2128 1007 2191 ad

214 2274 298 2338 rpiios
314 2246 538 2313 instrumenta
553 2238 714 2319 praedicta
730 2231 911 2312 pertinent,
928 2243 1010 2306 pro-

214 2358 329 2419 uidere
351 2348 516 2414 volentes,
538 2354 637 2416 quam
659 2334 718 2397 tibi
740 2332 851 2394 iacere
867 2327 1010 2404 gratiam
1028 2394 1032 2399 .

216 2450 408 2532 specialem,
433 2437 602 2503 devotioni
618 2436 683 2496 tuae
699 2427 915 2508 praesentium
928 2440 1011 2486 auc·

218 2620 341 2675 tesauros
362 2608 539 2669 minitantes,
554 2610 677 2678 eamque
685 2592 861 2651 sententiam
877 2600 1009 2668 exsecra-

217 2687 302 2746 tionis
317 2682 385 2741 dicit
397 2677 551 2736 henricum
563 2672 775 2727 Bononiensem
790 2667 819 2718 et
836 2666 955 2743 caeteros
965 2673 1010 2729 Ju-

218 2761 297 2816 dices
312 2753 347 2811 ad
356 2765 434 2823 'quos
448 2747 504 2802 hoe
517 2748 603 2813 caput
613 2738 751 2795 directum
763 2739 817 2802 est,
837 2746 866 2787 in
878 2742 1013 2802 episcope

219 2822 468 2898 Foropompiliano
481 2813 627 2888 probasse.
779 2874 788 2886 ι
837 2873 842 2883 ⁸
912 2870 918 2883 .

255 2898 296 2973 ll)
311 2898 349 2953 Ge
364 2894 428 2949 titre
442 2894 488 2943 e'st
500 2882 589 2942 lette
602 2881 640 2961 tle
649 2879 680 2935 la
692 2874 859 2946 Compitalia
868 2885 974 2943 prima,
985 2869 1014 2925 le

219 2974 266 3030 220
282 2970 332 3024 des
349 2960 505 3020 Demetrias
520 2954 729 3022 Griparreanes.
846 3016 851 3026 Ι
958 3012 963 3021 ἱ

256 3039 298 3114 (a)
323 3034 441 3093 Nicolao
461 3024 629 3085 Srrlaiario.
652 3022 712 3077 Hoc
726 3022 812 3089 eaput
825 3013 1014 3096 differentiam

221 3114 300 3186 penit
315 3110 387 3165 inter
398 3096 588 3160 scriniarium,
605 3101 633 3150 et
647 3089 917 3171 tabellionemsiae
931 3088 1011 3165 nota·

220 3187 310 3251 rium;
325 3186 355 3235 et
368 3183 411 3232 est
425 3184 524 3229 revera
541 3160 793 3228 differentia-hest
807 3153 923 3228 quidam
933 3153 1026 3235 idem>

220 3270 284 3312 esse
299 3244 481 3309 contendant.
491 3255 527 3296 eo
541 3236 617 3309 qiiod
627 3232 731 3304 sepius
746 3229 807 3312 haec
822 3222 957 3310 conlundi
971 3238 1014 3279 vi·

221 3326 350 3390 deamrm,
366 3326 394 3375 cl
402 3310 565 3374 scriniarios
575 3305 669 3364 vocari
683 3311 809 3358 notarios
824 3302 1013 3378 sicutteican-

221 3390 366 3459 cellirrios,
382 3400 469 3461 quam
497 3390 591 3438 tamea
606 3379 694 3448 longe
717 3371 831 3429 distent.
846 3370 1017 3449 'Scuuiarms

221 3476 266 3527 est
292 3462 446 3525 ulaidedei
461 3460 512 3505 τῶν
526 3450 652 3535 marrier·
677 3442 761 3517 apud
788 3439 1016 3527 Elp'mologicuui

222 3536 430 3666 {illitati
444 3514 1017 3653 {illitietltthtdit‘iltttlltl

223 3674 383 3754 privilegia,
399 3665 530 3729 concilio,
547 3666 576 3717 et
590 3665 652 3739 acta
669 3653 793 3738 publiea,
806 3665 868 3732 oiim
878 3650 904 3706 ei
921 3663 1017 3730 acan·

223 3747 379 3808 cellarioet
400 3731 630 3811 protoscriniario
653 3723 832 3782 dictabantur
847 3735 876 3775 iii
892 3720 1019 3801 publicas

223 3819 393 3880 aetheeaset
403 3805 524 3866 armaria
537 3797 693 3866 ielerellat3
702 3802 732 3851 ut
746 3789 1020 3875 paletexllauphrio

224 3895 251 3949 iii
273 3884 395 3947 ulmeae
412 3890 510 3936 vocum
528 3869 737 3929 obscuriorum:
752 3863 881 3943 similiter
898 3875 933 3917 oc
948 3876 1017 3917 scri·

224 3958 519 4026 niariiimperaterum
535 3940 665 4014 quijura,
682 3951 734 3993 seu
744 3934 951 4000 adnotationes,
968 3930 1017 3987 od-

226 4031 387 4093 missiones,
397 4029 426 4078 et
436 4030 544 4091 preces,
555 4007 751 4073 asservabant,
761 4004 839 4085 halt.
849 4003 919 4059 eda
964 4018 1018 4058 ttoe·

225 4107 314 4165 iliata
329 4099 347 4154 l.
359 4092 494 4156 orricium,
508 4087 538 4144 C.
551 4084 584 4140 de
598 4085 722 4145 testam.;
739 4077 837 4157 cupae,
847 4073 882 4157 ad
896 4080 946 4131 titu
960 4116 967 4130 .
981 4075 1022 4129 lle

225 4173 347 4246 prosim.
375 4175 484 4221 aaaron
511 4153 643 4212 solarier.
680 4150 726 4206 Sic
753 4147 917 4204 scriniarius
933 4143 1022 4228 'urbis

228 4243 302 4316 apud
315 4238 463 4298 innocent.
482 4230 534 4295 lll,
550 4224 633 4297 epist.
657 4222 706 4287 73,
728 4218 778 4276 lib.
791 4218 866 4299 llll.
881 4216 1020 4272 Scrinium

227 4317 313 4373 ctiam
331 4320 428 4366 melisa
447 4299 593 4358 dicebatur
608 4292 732 4366 preteeti
749 4288 1022 4369 praetoria-Nouello

228 4383 342 4449 lulloni,
358 4378 403 4445 iti,
417 4389 479 4445 enp.
504 4371 547 4426 ll.
569 4365 702 4424 Notarius
716 4376 784 4418 vero
801 4359 920 4439 publicis
935 4365 1020 4440 etiam

231 4449 425 4515 instrumentis
440 4438 631 4503 incumbebat,
648 4442 676 4491 et
694 4435 789 4514 isflnon
805 4445 918 4503 proprie
933 4427 1024 4484 dietus

229 4500 1023 4588 scriiiiaiius,sederatservuspiihlicusoepuolarlppeem,

231 4584 317 4657 idest
344 4589 468 4653 tabellio,
488 4581 598 4640 Neocli.
620 4574 770 4635 iustiniani
793 4574 838 4654 73,
861 4585 925 4658 cap.
948 4573 976 4635 7,
996 4576 1025 4625 et

232 4679 293 4728 aeta
309 4680 373 4739 (pure
387 4654 554 4718 coiillaiebat
567 4649 688 4723 publica.
713 4652 793 4701 eram
811 4642 885 4699 dicta
908 4648 1023 4727 erepere,

232 4741 364 4798 distincta
392 4747 406 4787 a
424 4726 550 4803 privatis,
563 4735 627 4794 qliae
641 4718 874 4781 iiiiaripuiocant
891 4712 1024 4778 heoelloe,

232 4812 325 4870 sidet
342 4804 402 4862 lit.
561 4862 567 4875 .
819 4854 824 4866 Ι
899 4853 905 4864 ·

269 4880 309 4953 (bl
328 4879 361 4933 la
372 4870 523 4944 parilia-am.
540 4860 692 4933 singulare
707 4855 782 4927 quod
797 4854 844 4910 hic
859 4860 919 4924 agit
931 4853 1027 4934 liono-

233 4955 292 5011 rias
316 4947 351 5002 de
372 4935 570 5000 instrumentis
594 4929 717 5009 redactis
738 4928 766 4983 in
794 4924 971 5008 adversaria,
999 4929 1027 4978 et

233 5018 367 5082 schedas,
378 5026 429 5069 sou
444 5005 605 5068 sollertibus,
621 5013 693 5072 arias
705 5012 733 5053 m
750 4995 890 5078 publicam
907 4992 1026 5074 sormam

234 5093 366 5161 redigere
381 5069 818 5150 moriao'tabellionepermitam
834 5068 911 5130 epten
922 5066 1028 5121 (iraeers

234 5163 412 5225 rebellasse
423 5150 550 5222 philyra,
567 5145 597 5200 in
610 5155 665 5213 otia
684 5137 791 5221 aliquid
806 5152 841 5193 ex
859 5145 985 5223 tempore
1000 5141 1029 5189 et

235 5226 417 5295 tumultuarie
432 5219 592 5278 scribimus,
613 5212 680 5268 inde
693 5218 784 5293 'etiarn
800 5209 939 5273 σχιδιασμα
953 5203 1037 5277 apud,

234 5306 356 5367 Tullium
372 5296 408 5354 ad
419 5293 553 5355 Atticum,
567 5284 769 5347 toros-petraeae
786 5276 860 5350 apud
874 5277 1026 5343 Pollucem,

234 5392 304 5450 apim
316 5362 504 5430 liiaaiellaarie
513 5361 631 5430 larrium,
644 5350 795 5409 deductum
805 5365 820 5405 a
830 5350 927 5430 ¹Graeco
936 5349 1028 5413 σχίζειν

235 5444 310 5522 (aiod
335 5447 378 5498 cst
396 5434 537 5494 aetimare·
565 5423 769 5481 membraneis
795 5435 871 5476 emm
898 5417 1027 5489 autetiam

235 5512 437 5577 scindebantur
453 5505 480 5559 iii
503 5498 605 5571 auibus
628 5492 824 5549 scribebantur
846 5505 909 5560 uiue
932 5495 1028 5560 postea

255 5587 347 5646 leiiius
363 5581 390 5635 iii
414 5571 550 5632 anundum
571 5563 803 5636 redigebantura
822 5558 1028 5623 intimioribus,
1052 5584 1053 5589 κ

236 5612 268 5717 ge
279 5657 363 5719 ἑτέραν
381 5650 476 5728 papeha
489 5644 596 5706 κάθαιρον
607 5638 707 5703 γράφειν
720 5634 952 5697 συμβό),σ.ιον,π),ῆν
967 5625 985 5679 εἰ
997 5630 1030 5690 μὴ

237 5729 270 5779 ἐκ
281 5722 372 5769 {ustrou
381 5727 407 5765 ot
418 5705 579 5772 aptaclpsvou
588 5702 617 5749 τὸ
630 5697 773 5759 aaidupcao:
785 5695 956 5758 irpeas-'rachisi
968 5693 1028 5756 ἔχοι.

815 316 996 379 ΔΗΟΝΟΒῘΙ
1018 314 1062 376 iii
1085 314 1233 375 OPERA.

1797 308 1864 369 23⁸2

1058 473 1193 535 toritate
1218 469 1448 540 concedimus,
1477 470 1516 529 ut
1550 467 1775 528 instrumenta
1795 484 1861 529 ea·

1058 572 1132 631 dem
1149 568 1195 648 (h)
1211 570 1246 629 in
1262 568 1462 644 scripturam
1478 564 1644 642 publicam
1668 580 1771 625 manu
1786 582 1854 641 pn-

1058 670 1144 730 blica
1174 667 1319 728 ildeliter
1352 665 1487 740 redigas
1516 663 1672 724 habitura
1706 662 1859 723 debitam

1059 768 1263 828 llrmilatem.

1113 959 1259 1023 Deraiio,
1273 953 1306 1013 el
1322 950 1425 1024 cupii.
1443 948 1554 1009 salicti
1570 948 1737 1022 Stephani
1752 947 1803 1025 (e)

1388 1048 1525 1107 Bisiiiii.

1352 1274 1489 1335 CAPUT
1520 1274 1563 1334 ii.

1015 1422 1018 1425 ’
1101 1425 1193 1487 Licet
1224 1425 1302 1486 olim
1339 1424 1608 1487 innorai'erimus
1642 1421 1858 1500 privilegium

1016 1564 1023 1595 -,
1061 1522 1167 1585 felicis
1186 1523 1354 1583 memoriae
1373 1523 1492 1583 calixti
1509 1525 1608 1599 Papae
1625 1521 1858 1598 praedecesso·

1063 1621 1109 1681 ris
1122 1620 1243 1692 nostri,
1264 1620 1413 1682 ecclesiae
1433 1620 1546 1681 Sancti
1564 1619 1706 1682 loannis
1726 1619 1858 1679 Bisunt

1018 1750 1022 1755 -
1062 1734 1271 1792 concessum3
1294 1718 1450 1795 prasenti
1470 1718 1582 1778 tamen
1605 1717 1728 1794 pagina
1746 1716 1863 1777 decla-

1061 1832 1185 1887 ramus,
1200 1815 1286 1893 quod
1302 1816 1422 1876 nostras
1437 1814 1634 1876 intentionis
1645 1830 1713 1875 non
1734 1813 1809 1886 luit,
1824 1816 1862 1874 ut

1059 1916 1118 1991 Jus
1129 1914 1279 1975 ecclesiae
1293 1915 1413 1974 restrae
1427 1927 1486 1989 per
1500 1912 1563 1973 hoc
1576 1911 1612 1973 iu
1624 1911 1738 1989 aliquo
1757 1911 1863 1972 laede-

1063 2013 1167 2084 retur,
1191 2027 1291 2088 quum
1312 2025 1371 2088 per
1392 2010 1641 2071 innovationem
1665 2009 1860 2086 huiusmodi

1064 2126 1130 2170 non
1148 2108 1341 2186 acquiratur
1358 2110 1415 2185 jus
1442 2123 1577 2179 uorum,
1604 2106 1661 2167 sed
1686 2107 1863 2184 aahquum

1065 2206 1269 2268 solummodo
1301 2206 1526 2276 conservetur,
1560 2203 1650 2265 unde
1678 2204 1866 2280 praesentes

1065 2304 1192 2366 litteras
1207 2318 1307 2381 super
1325 2303 1438 2364 hocin
1456 2302 1682 2365 testimonium
1701 2301 1865 2362 duximus

1066 2401 1305 2463 concedendas.

1067 2568 1097 2627 ld
1111 2577 1163 2635 est,
1176 2569 1206 2624 ia
1217 2568 1278 2624 illiti
1294 2567 1394 2624 oleario
1409 2581 1486 2636 para
1505 2565 1661 2623 scribebant
1685 2565 1865 2631 deaureata,

1066 2643 1100 2696 ab
1115 2642 1168 2695 illa
1183 2656 1242 2710 pua
1257 2640 1287 2694 ia
1310 2639 1392 2694 initio
1413 2638 1497 2709 (paea
1512 2642 1630 2693 occatur
1650 2638 1865 2708 protocolluml.

1067 2710 1233 2780 Qiiaeaerba
1248 2708 1349 2766 eadem
1365 2709 1393 2765 in
1412 2708 1557 2776 llasiliris,
1574 2708 1674 2779 ecloga
1694 2708 1741 2774 ti,
1759 2708 1865 2780 legua-

1069 2791 1121 2838 tur.
1139 2781 1326 2837 Protocolluin
1339 2780 1485 2851 significat
1499 2778 1600 2835 librum
1611 2793 1646 2834 eu
1661 2779 1776 2849 glutine
1788 2793 1868 2835 com·

1069 2859 1193 2925 pactmn,
1210 2852 1238 2906 iii
1259 2850 1335 2922 riuod
1358 2858 1419 2906 acta
1443 2849 1552 2921 publica
1576 2848 1745 2913 reseruntur,
1763 2865 1822 2905 non
1838 2857 1869 2905 ut

1070 2924 1194 2996 plerique
1209 2922 1372 2978 existimant
1383 2920 1588 2976 memorialein
1599 2919 1674 2991 quod
1687 2921 1791 2991 raptim
1803 2927 1868 2975 aeta

1070 3000 1253 3066 reponuntur,
1269 3000 1300 3048 ut
1314 2990 1417 3048 deinde
1433 2992 1460 3047 iii
1481 2990 1617 3047 mundum
1635 2990 1815 3062 redigantur,
1836 3000 1869 3046 et

1071 3064 1221 3137 perfectius
1241 3062 1440 3129 extendantur,
1459 3060 1535 3133 quod
1559 3062 1654 3118 arvuit
1677 3061 1811 3133 Cajacius
1833 3060 1870 3117 ad

1069 3137 1175 3193 dietam
1199 3133 1323 3200 Nouell.;
1342 3147 1396 3195 uec
1419 3139 1515 3189 tomen
1530 3105 1656 3204 quid⁰sit
1678 3132 1870 3204 protocollam

1070 3206 1179 3273 desiuit,
1194 3219 1281 3276 quum
1301 3203 1371 3261 nihil
1386 3202 1462 3260 aliud
1479 3204 1520 3259 sit
1536 3217 1622 3274 quam
1636 3202 1712 3275 quod
1726 3201 1867 3270 dirimas,

1071 3285 1098 3336 el
1112 3292 1163 3333 nos
1179 3290 1315 3347 ijocamiis
1328 3276 1456 3345 reuisere,
1474 3282 1521 3330 aut
1535 3275 1621 3331 sceda.

1108 3346 1147 3421 (a)
1172 3348 1296 3413 Decaao,
1321 3351 1347 3401 el
1369 3344 1493 3415 capitulo
1511 3345 1539 3401 S.
1559 3343 1692 3415 Stephani
1710 3343 1871 3400 Bisaiitiai.

1074 3418 1341 3489 hialiiepiscopatus
1359 3416 1525 3474 Bisuatinus
1541 3413 1712 3487 (Bessapara)
1730 3417 1759 3470 in
1777 3416 1870 3472 eomi-

1073 3498 1131 3547 tatu
1150 3487 1332 3561 bargundiae.
1356 3486 1479 3543 sedente
1503 3486 1646 3543 Willelmo
1669 3486 1692 3552 1,
1717 3486 1870 3543 Bisuntino

1073 3562 1117 3617 vel
1135 3559 1316 3618 vesontionis
1328 3557 1406 3615 archi
1446 3558 1553 3629 iseopo,
1569 3563 1630 3613 orta
1645 3564 1689 3612 est
1702 3563 1871 3613 controver-

1073 3632 1114 3689 sia
1127 3632 1201 3687 inter
1212 3629 1367 3686 canonicos
1382 3629 1410 3685 S.
1440 3628 1543 3684 oannis
1554 3634 1582 3684 et
1593 3628 1621 3684 S.
1636 3626 1787 3699 Stephani,
1806 3642 1873 3698 oum

1073 3704 1121 3759 diii
1136 3701 1262 3770 duravit3
1279 3706 1307 3755 et
1321 3700 1443 3771 primum
1454 3697 1570 3771 quidem
1588 3711 1686 3755 coram
1701 3696 1780 3754 dicto
1798 3699 1871 3755 Wil-

1073 3774 1159 3830 lelmo
1180 3778 1242 3828 acta
1266 3784 1364 3837 causa,
1389 3777 1448 3826 tuin
1470 3768 1505 3826 ad
1528 3767 1696 3826 Paschalem
1716 3770 1743 3825 ll
1763 3767 1872 3832 delata,

1074 3845 1122 3916 oui
1146 3843 1186 3898 rei
1209 3842 1403 3913 cognitionem
1418 3847 1447 3896 et
1468 3847 1635 3912 potestatem
1655 3838 1783 3895 ferendis
1805 3842 1886 3896 sent

1075 3915 1170 3971 tentia
1185 3912 1328 3969 commisit
1349 3910 1470 3968 Gnidonl
1485 3911 1641 3969 Viennensi
1655 3908 1877 3982 archiepiscopo
1981 3948 1982 3971 ,

1076 3988 1174 4057 (quem
1196 3996 1390 4039 successorem
1412 3981 1512 4038 habuit
1531 3980 1636 4038 munia
1656 3980 1796 4039 calixtum
1823 3981 1874 4049 lll.

1058 4061 1103 4115 ‘ls
1116 4053 1256 4111 sinodum
1270 4068 1307 4110 cx
1321 4052 1438 4125 speciali
1452 4051 1597 4109 Poiitilicis
1608 4050 1745 4108 mandato
1758 4067 1811 4123 pro
1826 4067 1873 4107 se-

1076 4114 1183 4184 liitii‘ine
1197 4124 1398 4181 controuersiae
1413 4123 1514 4179 indixit
1521 4124 1711 4185 trenortium,
1729 4123 1876 4187 Tauricas,

1077 4194 1324 4261 adalrammum
1347 4193 1498 4250 interfuere
1521 4192 1612 4249 (luido
1638 4192 1877 4265 archiepiscopus

1078 4273 1198 4339 legatas,
1210 4268 1242 4322 G.
1259 4264 1460 4322 isiodorensis
1470 4264 1570 4320 archis
1591 4265 1793 4335 iseopus,oeto
1804 4265 1879 4335 epis

1077 4340 1141 4411 aopi
1154 4345 1182 4395 et
1194 4308 1392 4401 octoabl'iates
1402 4336 1474 4391 inter
1488 4349 1560 4417 quos
1572 4279 1625 4391 Poll
1637 4336 1737 4390 Petrus
1752 4349 1876 4390 venera·

1078 4405 1878 4476 bilis,ahbasChiniaceusis.lhidehnilumecclesiamss.

1078 4478 1197 4539 loannis
1210 4477 1315 4534 debere
1330 4477 1518 4533 maternitatis
1534 4475 1754 4548 praerogativam
1767 4475 1796 4530 iu
1811 4490 1878 4547 par·
1981 4460 1982 4535 i

1080 4559 1194 4624 petuam
1204 4549 1348 4605 obtinere:
1361 4556 1389 4603 et
1401 4548 1462 4618 ipse
1472 4548 1585 4619 legatus
1593 4545 1744 4602 eeclesiam
1754 4546 1784 4602 S.
1794 4548 1880 4602 loan-
1981 4594 1982 4597 ,

1080 4625 1125 4678 iiis
1138 4637 1174 4678 ex
1193 4627 1261 4676 tnnc
1280 4634 1294 4673 a
1316 4619 1429 4688 querela
1454 4618 1499 4673 illa
1521 4617 1638 4673 liberam
1659 4616 1719 4672 iore
1738 4614 1879 4677 decrevit.
1981 4660 1982 4685 2

1041 4725 1043 4729 .
1080 4685 1882 4759 constituenssedemepiscopalemineairresragahiliter
1981 4688 1982 4749 1

1082 4760 1433 4836 permaiiere,auetoritate
1445 4760 1560 4831 insuper
1569 4758 1732 4828 apostolica
1741 4772 1798 4828 qua
1813 4757 1878 4814 lun·
1981 4776 1982 4781 ¹

1081 4834 1212 4907 gebatur,
1231 4830 1283 4887 sub
1303 4829 1494 4886 anathematis
1507 4828 1681 4901 obligatione
1694 4829 1881 4900 precipiens,
1981 4874 1982 4895 ,

1082 4913 1112 4962 ιη
1124 4905 1217 4960 nullas
1231 4915 1295 4956 eam
1308 4902 1424 4963 ulterius
1438 4900 1596 4970 inquietare
1606 4906 1804 4970 praesumeret.
1814 4901 1883 4956 llaeo
1981 4906 1982 4913 ’

1083 4973 1246 5032 adverbum
1263 4986 1297 5026 ei
1313 4978 1424 5027 vetusto
1441 4971 1539 5027 codice
1554 4971 1582 5027 S.
1598 4969 1719 5026 loannis
1732 4967 1821 5025 resert
1835 4972 1881 5027 lo.

1082 5044 1179 5104 laceb.
1202 5041 1359 5101 Clilltletiiis
1384 5041 1567 5107 l'esoiitioais,
1583 5047 1664 5112 parte
1678 5040 1711 5108 2,
1732 5039 1787 5095 sub
1807 5042 1880 5099 Wil-

1083 5117 1168 5173 lelmo
1192 5116 1214 5172 1.
1247 5112 1396 5170 Probabile
1419 5119 1463 5167 est
1485 5112 1652 5182 rescriptum
1680 5108 1736 5166 hoo
1761 5112 1884 5167 lionorii
1981 5098 1982 5133 ³

1083 5186 1181 5255 nostri,
1198 5198 1264 5256 otio,
1280 5182 1443 5239 innovando
1453 5181 1528 5238 hanc
1542 5181 1713 5238 sententiam
1726 5181 1829 5239 Callisti
1842 5186 1881 5247 ll,
1981 5190 1982 5247 ᾗ

1083 5258 1209 5314 declarat
1228 5269 1259 5310 se
1276 5268 1333 5309 non
1354 5252 1538 5325 praejudicare
1549 5252 1606 5325 juri
1620 5252 1757 5313 ecclesiae,
1771 5254 1803 5309 S.
1821 5256 1885 5309 ste
1981 5256 1982 5315 l

1084 5329 1182 5401 pharii,
1201 5340 1317 5382 causam
1340 5322 1453 5380 dedisse
1472 5339 1554 5379 novae
1582 5323 1786 5379 controversiae
1809 5324 1886 5380 inter
1981 5332 1982 5387 ;

1084 5401 1173 5456 dietas
1188 5396 1324 5453 ecclesias
1338 5408 1423 5465 saper
1438 5393 1512 5450 dieta
1532 5391 1722 5450 maternitatis
1740 5392 1887 5465 dignitate
1981 5392 1982 5429 ³

1049 5482 1052 5489 ’
1084 5470 1137 5526 snb
1151 5472 1260 5526 loanne
1276 5468 1297 5532 l,
1315 5465 1530 5536 archiepiscopo
1547 5464 1705 5531 Bisunlino,
1726 5466 1776 5535 qui
1796 5468 1887 5537 carpit

1084 5539 1184 5595 sedare
1200 5543 1262 5609 post
1275 5534 1422 5593 Gimrdam
1439 5549 1515 5591 anno
1531 5535 1609 5601 itai,
1620 5541 1717 5606 postea
1733 5534 1886 5593 cardinale

1084 5619 1180 5667 meato
1190 5606 1350 5679 adrogorio
1362 5609 1411 5668 lli,
1419 5613 1448 5661 et
1457 5605 1583 5663 decrevit
1591 5613 1621 5662 ut
1630 5605 1750 5661 ecclesia
1762 5608 1789 5661 S.
1799 5609 1889 5664 loan-

1086 5683 1129 5738 nis
1156 5682 1183 5735 in
1206 5694 1259 5750 aila
1282 5678 1373 5749 primo
1393 5675 1604 5733 incathedratus
1630 5675 1880 5749 archiepiscopus,
