3936 6192
189 286 247 349 811

191 442 988 522 dinemetdiligentiam,quaecircacorectionem

189 544 222 606 et
243 543 514 607 reformationem
536 542 674 616 ordinis,
699 558 738 604 ac
763 543 988 605 visitationem

188 641 413 704 caenobiorum
437 640 665 719 impendendae
684 640 810 703 inerint
828 641 989 718 neglexe-

190 739 259 802 rint
277 739 446 801 adhibere.
465 737 697 818 Porro,[quum
718 739 919 812 visitatores,
934 755 989 800 se·

188 836 331 898 cundum
342 838 498 899 statutum
509 836 675 913 generalis
687 836 988 909 Concilii,ordinati

185 935 378 1012 agenerali
405 934 560 996 abbatum
586 934 732 1011 capitulo
760 935 988 1012 processerint

185 1032 227 1094 ad
250 1032 452 1095 visitationis
479 1031 626 1094 osticium
653 1031 920 1109 exsequendum,
946 1032 987 1093 de

187 1131 276 1193 statu
296 1129 575 1193 monasteriorum
590 1130 624 1192 et
638 1128 861 1192 observantiis
882 1146 986 1206 regu-

186 1228 314 1291 laribus
331 1229 509 1305 diligenter
527 1227 710 1305 inquirant,
728 1229 760 1291 et
773 1229 841 1291 tam
862 1228 898 1289 in
913 1229 986 1305 spi-

185 1326 374 1399 ritualibus,
391 1342 491 1404 quarn
512 1326 547 1387 in
559 1326 802 1403 temporalibus
817 1326 989 1404 corrigant

161 1490 164 1497 ,
186 1424 423 1497 etreiorment,
443 1439 516 1502 quae
536 1423 682 1486 viderint
701 1422 899 1500 corrigenda
916 1425 987 1486 :ita

186 1522 298 1584 amen
311 1522 398 1600 quod
411 1522 592 1584 monachos
606 1521 835 1600 delinquentes
850 1538 910 1600 per
922 1521 987 1583 ab·

185 1618 296 1683 batem
318 1619 384 1682 loci
406 1619 530 1696 corrigi
551 1619 688 1689 iaciant,
713 1622 829 1698 eisque
857 1620 988 1697 injungi

187 1718 418 1796 poenitentiam
437 1718 617 1779 salutarem
635 1718 734 1796 juxta
757 1720 794 1778 Β.
817 1717 987 1779 Benedicti

184 1816 349 1892 regulam,
367 1818 399 1877 et
410 1817 602 1894 apostolica
616 1816 779 1888 instituta,
792 1829 858 1876 non
874 1831 989 1876 secun-

186 1911 265 1975 dum
289 1929 440 1976 normam
471 1930 582 1991 pravae
611 1912 880 1984 consuetudinis,
913 1929 987 1990 quae

188 2011 284 2089 quasi
305 2026 364 2089 pro
386 2012 459 2088 lege
478 2012 513 2072 in
534 2011 729 2090 quibusdam
745 2010 897 2072 ecclesiis
912 2010 989 2071 ino-

188 2108 279 2171 levit.
296 2108 362 2187 Ipsi
376 2110 476 2171 allam
495 2110 685 2172 visitatores
698 2108 890 2181 monachos,
905 2124 987 2186 quos

187 2207 399 2269 contumaces
427 2208 616 2270 invenerint
648 2208 682 2268 et
711 2206 867 2279 rebelles,
889 2208 988 2284 juxta

186 2304 319 2366 modum
333 2305 525 2383 celperico
545 2307 658 2367 nostra
673 2304 823 2380 regulari
845 2319 987 2365 censura

186 2402 380 2482 percellant,
396 2403 519 2480 absque
532 2419 750 2481 personarum
763 2402 903 2474 delectu,
920 2417 988 2463 non

188 2502 354 2578 parcendo
373 2500 564 2573 rebellibus,
580 2500 620 2562 ob
640 2516 734 2561 suam
756 2500 986 2577 pertinaciam,

190 2599 245 2660 vel
264 2599 445 2676 potentiam
465 2599 659 2671 amicorum,
677 2598 756 2674 quin
777 2612 872 2659 ovem
893 2612 987 2657 mor-

188 2694 301 2757 bidam
325 2696 462 2773 ejiciant
483 2695 525 2757 ab
551 2696 648 2767 ovili,
673 2711 715 2755 ne
741 2694 869 2756 inliciat
888 2710 987 2755 sanas

189 2808 279 2855 oves.
295 2793 424 2855 sivero
446 2792 582 2855 abbates
603 2793 639 2854 in
660 2792 867 2868 corrigendis
889 2793 987 2868 juxta

189 2891 401 2953 visitatorum
411 2891 601 2953 mandatum
613 2892 646 2952 et
655 2890 824 2967 regularia
834 2889 987 2952 instituta

189 2989 321 3067 seipsis,
338 2990 450 3051 suisve
462 2989 633 3051 monachis
646 2988 773 3050 inventi
788 2987 912 3049 fuerint
926 3003 988 3048 ne-

186 3087 359 3165 gligentes,
374 3087 630 3165 proclamentur,
643 3086 878 3165 corripiantur,
892 3085 925 3147 et
941 3085 987 3147 'ta

189 3184 371 3260 puniantur
386 3182 516 3260 publice
525 3183 561 3243 in
572 3181 716 3261 capitulo
726 3180 887 3257 generali,
899 3179 986 3258 quod

190 3298 289 3360 poena
303 3281 450 3360 ipsorum
466 3280 510 3343 sit
523 3280 600 3342 aliis
615 3280 650 3340 in
665 3278 865 3356 exemplum.

229 3382 332 3442 Porro
359 3379 387 3440 si
415 3378 517 3441 abbas
548 3378 669 3456 aliquis
701 3393 767 3438 non
799 3376 984 3453 exemptus,

188 3476 289 3539 suerit
311 3493 332 3539 a
352 3475 580 3539 visitatoribus
608 3475 707 3537 nimis
734 3474 906 3551 negligens
928 3473 985 3534 in-

187 3577 318 3645 ventus,
335 3575 367 3636 et
380 3574 551 3645 remissus,
574 3573 608 3634 id
629 3571 695 3634 loci
716 3572 905 3633 dioecesano
928 3570 988 3632 de·

187 3672 350 3745 nuntient,
374 3672 447 3732 sine
468 3686 572 3742 mora,
595 3670 628 3731 et
651 3685 710 3747 par
724 3669 819 3730 illum
839 3668 937 3729 detur
954 3667 987 3729 ei

190 3769 297 3831 tidelis
316 3770 349 3832 et
367 3768 524 3846 providus
549 3767 721 3845 coadjutor
746 3782 850 3844 usque
871 3765 912 3826 ad
930 3782 988 3827 ca·

191 3866 333 3946 pitulum
357 3866 524 3944 generale.
553 3865 644 3936 Quod
669 3864 697 3925 si
719 3863 989 3940 dilapidatorin-

189 3966 308 4028 ventus
332 3963 443 4036 inerit,
468 3963 521 4024 vel
545 3963 630 4024 alias
651 3961 768 4024 merito
784 3960 987 4022 amovendus

190 4079 251 4141 per
269 4062 505 4133 dioecesanum,
519 4062 693 4138 postquam
710 4059 773 4120 hoc
788 4059 851 4120 sibi
864 4074 884 4119 a
897 4058 985 4120 visi-

190 4160 353 4223 tatoribus
393 4158 621 4221 denuntiatnm
649 4157 764 4226 suerit,
793 4157 988 4218 amoveatur

190 4258 315 4336 absque
333 4257 536 4336 judiciorum
556 4256 695 4334 strepitu
710 4272 728 4317 a
744 4255 907 4332 regimine
929 4254 990 4316 ab·

193 4356 304 4429 batiae,
326 4371 366 4418 ao
387 4356 588 4418 monasterio
613 4355 827 4433 provideatur
854 4352 989 4415 interim

190 4455 440 4517 administrator
473 4453 628 4525 idoneus,
662 4452 720 4530 qui
753 4450 987 4528 temporalium

192 4570 305 4616 curam
323 4555 427 4629 gerat,
449 4552 553 4615 donec
577 4551 640 4628 ipsi
664 4549 866 4611 monasterio
887 4548 989 4609 suerit

189 4653 229 4712 de
246 4651 363 4713 abbate
378 4651 558 4728 provisum.
575 4648 667 4720 Quod
683 4648 711 4708 si
727 4647 840 4709 forsan
856 4645 990 4723 episco-

189 4765 252 4826 pus
265 4749 338 4809 hacc
353 4747 533 4824 adimplere
549 4745 704 4817 noluerit,
719 4744 773 4805 vel
789 4743 986 4820 neglexerit,

188 4846 389 4915 visitatores,
405 4844 458 4905 vel
477 4842 694 4921 praesidentes
715 4842 750 4902 in
770 4839 915 4917 capitulo
928 4856 990 4915 ge-

191 4942 298 5005 nerali
323 4941 486 5003 deiectum
512 4939 659 5017 episcopi
684 4938 883 5015 apostolicae
910 4937 988 4998 Sedi

191 5057 258 5103 non
280 5039 437 5102 differant
457 5038 612 5099 intimare
636 5057 643 5096 :
666 5035 738 5097 lraac
762 5034 879 5096 eadem
899 5035 989 5096 circa

192 5139 361 5216 exemptos
382 5136 518 5197 abbates
533 5134 607 5195 lieri
622 5133 832 5234 praecipimus
855 5148 916 5210 per
931 5132 988 5193 vi-

192 5371 305 5437 bantur,
323 5375 351 5424 et
366 5369 438 5425 sicut
451 5363 584 5422 monachi
596 5378 696 5423 vocem
712 5365 739 5420 iu
754 5363 888 5436 capitulo,
905 5370 933 5420 ct
947 5379 989 5419 rc·

193 5442 278 5523 liquis
309 5439 411 5496 ciliciis
441 5436 598 5503 habebant,
627 5435 702 5508 quod
738 5432 908 5493 Berrcdictus
936 5436 989 5493 llil

192 5521 279 5570 cuam
292 5510 446 5576 restrinxit,
460 5508 514 5565 nisi
536 5523 568 5564 se
583 5517 612 5564 ct
631 5522 681 5565 sua
703 5506 877 5563 ruorrasterio
899 5504 988 5563 devo·

193 5582 297 5651 verint,
321 5591 352 5638 ut
373 5581 432 5652 jam
458 5580 576 5654 exposui
598 5577 634 5637 ad
652 5594 716 5652 cap.
743 5577 988 5647 claudicantem,

194 5668 290 5727 supra,
306 5653 339 5710 de
354 5652 494 5710 l'rubcud.

806 284 983 348 HONORII
1004 284 1050 346 111
1072 282 1220 346 oPEua.

1786 276 1844 342 aie

1043 444 1208 515 sitatores,
1225 442 1277 504 val
1292 440 1509 521 praesidentes
1524 440 1559 503 iu
1571 441 1719 519 capitulo
1740 457 1844 517 gene·

1042 543 1117 616 rali,
1130 540 1337 620 depositione
1346 540 1474 602 tantum
1490 539 1638 617 ipsorum
1650 538 1729 601 Sedi
1741 544 1843 616 Apos—

1042 640 1151 704 tolicae
1172 640 1354 711 reservata,
1372 638 1420 700 ita
1445 639 1556 699 tamen
1580 638 1617 697 ut
1640 636 1762 699 abbate
1785 639 1841 715 qui

1042 735 1840 813 amovendusvidebiturinterimpervisitatores,

1041 836 1095 898 vel
1108 837 1144 897 in
1159 836 1304 913 capitulo
1328 833 1545 912 praesidentes
1564 832 1605 894 ab
1625 832 1843 894 administra-

1041 935 1132 997 tione
1153 949 1326 1011 suspenso,
1341 932 1591 994 administrator
1608 931 1752 992 idoneus
1771 947 1842 992 mo-

1042 1033 1189 1095 nasterio
1200 1031 1386 1110 deputetur,
1399 1030 1535 1092 Illorum
1545 1030 1657 1091 autem
1670 1044 1838 1100 excessus,

1042 1133 1075 1192 et
1089 1130 1156 1191 alia
1171 1146 1244 1208 quae
1258 1129 1330 1190 visa
1343 1128 1467 1189 luerint
1484 1126 1670 1189 intimanda
1682 1126 1838 1205 capitulo,

1042 1229 1257 1307 praesidentes
1291 1226 1386 1288 nobis
1417 1226 1611 1288 denuntient
1638 1241 1699 1304 per
1728 1225 1840 1287 fideles

1042 1326 1176 1389 nuntlcs
1200 1327 1232 1389 et
1253 1325 1443 1404 prudentes,
1466 1324 1585 1402 quibus
1609 1324 1650 1385 de
1673 1324 1839 1385 communi

1043 1423 1286 1488 contributione
1303 1422 1469 1495 abbatum,
1482 1424 1580 1500 juxta
1595 1421 1777 1500 cuiuslibet
1791 1421 1842 1483 ia-

1043 1524 1199 1587 cultatem
1212 1522 1415 1584 suificicnter
1429 1522 1660 1583 ministrentur
1672 1536 1838 1598 expensae.

1043 1621 1226 1700 sequentes
1236 1619 1346 1681 autem
1354 1619 1543 1681 visitatores
1551 1619 1750 1696 perquirant
1756 1617 1841 1695 prio·

1042 1736 1117 1781 rum
1153 1717 1363 1780 visitatorum
1397 1718 1538 1793 vestigia
1579 1717 1775 1793 diligenter,
1809 1716 1841 1778 et

1043 1833 1158 1880 eorum
1173 1816 1393 1893 negligentias
1408 1816 1441 1877 et
1455 1830 1612 1877 excessus
1627 1813 1777 1876 reserant
1789 1829 1841 1876 se·

1043 1914 1156 1994 quenti
1179 1913 1324 1992 capitulo
1348 1913 1508 1989 generali,
1531 1913 1569 1974 ut
1589 1915 1689 1991 juxta
1709 1913 1838 1990 culpam

1043 2012 1173 2091 publice
1184 2011 1327 2073 debitam
1340 2026 1470 2088 poenam
1483 2012 1624 2089 portent.
1637 2010 1730 2072 Idem
1742 2011 1839 2073 etiam

1043 2113 1084 2172 de
1094 2109 1266 2171 abbatibus
1274 2108 1528 2187 praesidentibus
1536 2108 1686 2184 generali
1695 2108 1840 2186 capitulo

1043 2209 1255 2286 precipimus
1283 2205 1465 2268 observari.
1493 2206 1711 2284 Praecipimus
1741 2206 1839 2268 etiam

1043 2307 1080 2367 ut
1102 2305 1138 2367 in
1164 2305 1255 2367 nullo
1279 2304 1482 2366 monasterio
1505 2305 1546 2365 ad
1576 2303 1774 2381 praebendas
1802 2304 1840 2366 de

1043 2406 1153 2467 cetero
1177 2402 1341 2481 recipiant
1368 2401 1518 2474 abbates,
1537 2403 1569 2463 et
1595 2401 1794 2470 monachos,
1810 2402 1841 2463 et

1043 2502 1182 2564 clericos
1202 2502 1382 2573 seculares,
1407 2517 1469 2562 nec
1490 2500 1525 2560 lri
1548 2500 1605 2577 qui
1621 2502 1695 2577 jam
1714 2500 1838 2577 recepti

1043 2602 1119 2662 sunt
1140 2601 1260 2671 locum,
1276 2598 1330 2661 vel
1350 2614 1466 2661 vocem
1485 2598 1521 2659 in
1536 2597 1693 2674 capitulo,
1711 2597 1838 2659 dormi-

1042 2699 1139 2771 toric,
1154 2697 1207 2761 vel
1227 2696 1414 2765 refectorio,
1433 2712 1493 2758 seu
1515 2695 1660 2757 claustro
1675 2695 1742 2756 sibi
1756 2711 1838 2756 ven-

1043 2792 1839 2866 dicarecontendant,seumonacborumcoetibus

1042 2895 1230 2970 importune
1255 2908 1291 2954 se
1314 2891 1503 2953 immiscere
1529 2890 1735 2968 praesumant
1756 2911 1765 2951 ε
1785 2890 1840 2951 sed

1040 2990 1212 3052 beneficiis
1239 2990 1302 3052 sibi
1329 2989 1496 3052 concessis
1523 2988 1669 3050 contenti
1695 3003 1839 3050 conver-

1042 3090 1157 3150 sentur
1171 3089 1322 3160 honeste,
1339 3089 1501 3165 oportuna
1523 3085 1681 3163 obsequia
1706 3087 1742 3147 in
1767 3103 1839 3148 mo-

1042 3186 1199 3249 nasteriis
1232 3185 1375 3247 fideliter
1408 3185 1656 3263 impendentes,
1691 3184 1841 3262 nihilque

1041 3284 1129 3346 ultra
1147 3285 1183 3345 in
1197 3282 1428 3361 spiritualibus
1439 3285 1496 3345 aul
1509 3280 1750 3359 temporalibus
1769 3282 1842 3343 exi-

1040 3383 1121 3459 gant
1134 3383 1170 3444 in
1198 3381 1280 3459 ipsis
1296 3381 1522 3455 monasteriis,
1535 3381 1588 3442 vel
1609 3382 1783 3456 usurpent.
1807 3381 1843 3442 Si

1042 3481 1099 3559 qui
1111 3496 1191 3543 vero
1205 3480 1322 3543 talium
1341 3496 1360 3541 a
1384 3478 1613 3541 visitatoribus
1627 3479 1757 3540 inventi
1770 3479 1843 3540 fue·

1041 3578 1109 3639 rint
1143 3576 1326 3649 criminosi,
1352 3592 1412 3655 per
1446 3577 1670 3638 dioecesanum
1704 3575 1740 3637 in
1777 3592 1845 3637 non

1042 3676 1215 3753 exemptis,
1228 3675 1261 3737 et
1270 3690 1330 3752 per
1344 3675 1545 3747 visitatores,
1557 3674 1610 3735 vel
1625 3674 1843 3751 praesidentes

1042 3772 1387 3850 ingeneralicapitulo
1399 3773 1434 3833 in
1445 3773 1606 3850 exemptis
1618 3773 1843 3843 monasteriis,

1042 3870 1215 3932 beneficiis
1224 3871 1397 3947 priventur
1406 3870 1543 3931 eisdem.
1557 3872 1636 3931 Haec
1646 3871 1760 3931 autem
1772 3886 1843 3931 om-

1043 3969 1099 4029 nia
1116 3969 1149 4029 in
1164 3969 1379 4030 monasteriis
1396 3985 1469 4044 quaa
1484 3984 1551 4029 non
1567 3966 1689 4030 babent
1704 3962 1843 4029 abbates

1043 4066 1206 4144 proprios,
1217 4066 1275 4127 sed
1285 4066 1426 4143 priores,
1437 4081 1572 4126 necnon
1582 4066 1618 4125 in
1629 4066 1843 4127 monasteriis

1043 4164 1253 4235 monialium,
1276 4163 1383 4241 quoad
1412 4163 1574 4224 articulos
1604 4161 1785 4224 abbatissis
1811 4163 1844 4223 et

1044 4261 1243 4323 monialibus
1271 4261 1510 4337 congruentes,
1538 4260 1753 4338 praecipimus
1785 4259 1848 4323 ob-

1044 4375 1184 4421 servari.

1276 4509 1493 4598 TITULUS
1516 4509 1609 4597 XXI

1156 4679 1201 4725 aa
1226 4678 1385 4725 crisantis
1410 4677 1646 4724 nouacnoaum
1668 4660 1729 4742 (1).

1095 4770 1214 4832 Abbati
1227 4768 1288 4849 (a),
1302 4770 1336 4831 ct
1350 4770 1534 4831 conventui
1554 4770 1796 4842 Aquirtoterzsi.

1357 4904 1493 4963 CAPUT
1509 4905 1533 4963 1.

1084 5038 1211 5109 Quanto
1228 5036 1393 5097 sincerius
1417 5034 1588 5111 diligimus
1602 5037 1843 5099 monasterium

1044 5136 1200 5208 vestrum,
1215 5136 1248 5197 et
1265 5137 1384 5195 vestrae
1400 5133 1551 5210 cupimus
1566 5134 1744 5210 religionis
1757 5152 1844 5212 aug-

1081 5367 1120 5441 (it
1136 5367 1174 5425 Ca
1187 5367 1251 5422 titre
1265 5371 1307 5420 est
1320 5363 1346 5419 lc
1358 5363 1408 5420 320
1425 5361 1460 5418 dc
1480 5362 1506 5419 la
1524 5364 1695 5434 Conrpilotio
1706 5367 1805 5435 primu
1819 5374 1846 5423 ct

1045 5440 1071 5497 lc
1084 5441 1132 5497 31θ
1147 5438 1198 5495 dos
1213 5435 1320 5491 Ddcrdl.
1336 5434 1545 5503 Grdparienors.

1081 5509 1123 5583 (o)
1146 5507 1249 5567 Abbati
1269 5507 1293 5562 A
1316 5505 1466 5562 uinoteasi.
1503 5507 1610 5562 Forsan
1639 5508 1844 5564 monasterium

1045 5583 1118 5641 istud
1134 5587 1194 5644 erut
1214 5579 1242 5636 iu
1264 5524 1334 5635 arza
1357 5576 1473 5650 Aquini,
1496 5577 1608 5648 Aqoioo
1631 5578 1715 5650 regni
1731 5581 1843 5652 Neapo-
