3936 6182
734 290 933 353 ennoean
954 289 1015 350 VII
1035 287 1145 349 VITA.
1734 290 1796 352 582

141 298 200 363 581

141 456 290 541 privarit
308 453 371 540 (α).
394 448 589 536 stephanus*
596 455 689 532 Papa
707 451 861 516 carolum
881 447 940 532 (b),
996 442 1167 510 dominum
1182 444 1308 524 Papam
1329 443 1476 509 senioris
1492 446 1605 510 Romae
1617 449 1796 521 oresaerio

142 556 255 638 Pipini
279 554 369 636 rogis
393 554 540 628 tratrem,
569 568 712 631 aregno
726 548 888 629 deposuit,
910 548 944 610 et
997 545 1071 623 lego
1106 544 1396 608 excommunicare
1430 544 1592 609 instinctu
1627 544 1793 617 diabolico

54 676 58 681 ·
143 655 302 736 Pipinum
324 654 359 716 in
381 657 454 733 ejus
480 654 553 716 loco
578 650 759 713 substituit.
782 648 942 710 Nicolaus
996 644 1293 720 praesumpserunt.
1323 642 1413 715 Quod
1430 642 1553 706 factum
1580 643 1796 707 attendentes

144 769 276 834 quoque
286 755 456 815 Romanus
468 750 617 830 pontifex
629 749 713 810 duos
723 745 942 825 imperatores
997 740 1167 818 principes
1190 740 1298 818 regni,
1314 756 1383 802 non
1407 740 1620 804 mediocriter
1642 741 1794 804 dubitare

144 866 214 915 nno
244 850 425 929 eodemque
450 850 600 927 tempore
621 842 940 917 excommunicavit3
997 838 1185 915 coeperunt,
1214 852 1259 900 1111
1286 839 1666 901 excommunicationem
1687 840 1796 917 ipsam

144 950 344 1013 Michaelem
378 947 536 1010 videlicet
565 945 773 1016 orientalem,
808 942 944 1021 propter
997 935 1221 1008 contemnere,
1238 950 1282 996 an
1304 951 1378 996 earn
1400 940 1595 999 reverenter
1613 936 1796 1000 observare

143 1048 312 1126 ignatium
331 1044 731 1123 constantinopolitanum
752 1041 943 1119 episcopum
999 1030 1181 1114 [deberent]
1209 1055 1218 1093 ε
1243 1032 1388 1094 maxime
1417 1034 1551 1095 cumin
1577 1050 1692 1097 eorum
1721 1033 1795 1111 iege

143 1146 220 1208 siue
235 1144 363 1223 judicio
385 1146 485 1221 Papae
507 1158 527 1204 a
549 1142 626 1204 sede
642 1156 703 1202 sua
715 1138 896 1217 dejectum3
911 1138 945 1199 et
997 1130 1219 1202 contineatur,
1236 1131 1272 1191 ut
1285 1130 1315 1190 si
1330 1130 1405 1208 quis
1417 1130 1506 1192 inira
1519 1147 1643 1192 annum
1659 1135 1692 1193 et
1706 1133 1795 1195 diem

142 1241 341 1307 Lotbarium
359 1238 404 1321 (c)
422 1240 672 1310 occidentalem,
688 1234 942 1316 propterGual-
998 1227 1039 1291 ab
1064 1228 1419 1290 excommunicationis
1443 1228 1577 1291 vinculo
1601 1244 1669 1290 non
1693 1229 1795 1292 inerit

143 1341 260 1404 dradae
273 1339 402 1419 pellicis
417 1354 487 1400 suae
499 1337 702 1400 societatem.
722 1335 843 1397 Beatus
856 1347 942 1412 quo·
998 1326 1188 1399 absolutae,
1214 1326 1305 1388 omni
1325 1324 1439 1387 careat
1459 1325 1630 1402 dignitatis
1654 1326 1794 1389 bonore.

143 1455 212 1518 que
226 1436 431 1511 Ambrosius,
446 1452 512 1498 non
528 1432 765 1499 Romanussed
781 1430 945 1495 Mediola-
1000 1425 1093 1497 Unde
1119 1424 1161 1486 ad
1187 1440 1303 1486 eorum
1332 1424 1595 1487 consolationem
1617 1425 1797 1502 prudentes

144 1537 263 1600 nensis
291 1534 460 1615 pontilex,
490 1532 673 1596 Maximum
701 1533 881 1610 tyrannum
910 1530 945 1591 et
999 1522 1147 1600 episcopi
1177 1521 1368 1600 hujusmodi
1396 1521 1561 1584 dederunt
1582 1539 1795 1600 responsum,

142 1635 371 1698 Theodosium
392 1633 629 1711 imperatorem
647 1630 688 1692 ab
703 1629 854 1692 Ecclesia
870 1627 945 1705 pul·
998 1619 1098 1699 quod,
1114 1620 1297 1683 seeundum
1322 1620 1447 1681 statuta
1469 1623 1502 1682 et
1517 1620 1670 1698 exempla
1693 1637 1796 1685 sanc·
1824 1703 1826 1707 ι

143 1748 221 1794 sum
230 1729 544 1803 excommunicarit,
555 1731 593 1791 nt
604 1744 671 1790 non
680 1725 870 1803 ambiguum
879 1725 941 1785 est.
998 1720 1107 1780 torum
1119 1716 1267 1790 Petram,
1275 1718 1443 1781 Romanus
1455 1717 1612 1780 Pontifex
1626 1734 1646 1779 a
1662 1719 1797 1780 nemine

144 1829 228 1904 Quis
239 1845 329 1906 ergo,
344 1822 944 1904 nisimentecaptus,ignoratregiam
993 1816 1141 1894 iudicari
1168 1831 1230 1877 scu
1244 1815 1529 1877 excommunicari
1544 1814 1712 1877 ullatenus
1732 1830 1796 1894 po·

143 1931 346 2007 potestatem
361 1925 578 1989 Pontificibus
596 1940 672 1987 esse
689 1921 896 1999 subjectaml
911 1922 945 1982 et
998 1910 1074 1975 iest-
1087 1913 1165 1975 Ideo
1174 1912 1343 1991 principes
1354 1913 1420 1991 ipsi
1430 1911 1603 1992 (quoniam
1614 1913 1796 1975 secundum

143 2026 222 2105 quis
237 2023 606 2102 credatasubjectione
618 2020 759 2086 Romani
769 2017 943 2081 Pontillcis
998 2010 1160 2073 malitiam
1188 2010 1348 2073 instantis
1377 2012 1537 2087 temporis
1564 2010 1686 2072 melius
1710 2011 1796 2073 nibil

144 2140 185 2187 se
197 2124 343 2186 alienum
363 2139 451 2195 esse,
474 2121 540 2183 nisi
553 2119 609 2199 qui
629 2117 840 2195 exigentibus
863 2132 944 2193 pec-
999 2106 1215 2189 invememmt)
1242 2124 1317 2170 cmm
1343 2107 1730 2185 R0dlllilhmG1mlf0m0,
1757 2124 1798 2171 ⁸⁰
1864 2161 1867 2173 ·

142 2221 232 2285 catis
247 2221 319 2283 suis
335 2220 424 2282 inter
437 2235 518 2281 oves
533 2216 656 2281 Christi
672 2231 739 2276 non
755 2212 878 2276 meruit
887 2229 946 2273 nu·
998 2204 1406 2284 Theodericojducibusmt
1414 2204 1680 2283 aliismajoribus
1688 2204 1796 2281 regni,

141 2319 292 2382 merarii
307 2314 692 2395 Sedjarnreiordinem,
709 2328 807 2390 quern
823 2309 946 2388 incepi·
995 2303 1188 2380 J'llmmesstO
1223 2301 1416 2374 firmarum,
1446 2303 1484 2363 111
1511 2301 1540 2362 Si
1565 2318 1628 2365 1611
1654 2303 1798 2366 consilio

141 2432 236 2488 mus,
247 2429 489 2494 prosequamur
502 2409 563 2493 (1).
1000 2415 1116 2462 corum
1144 2400 1359 2478 acquiescere
1384 2399 1508 2472 vellet,
1538 2416 1674 2478 operam
1703 2418 1799 2465 suam

1001 2496 1184 2560 eldcaciter
1206 2496 1414 2569 adhiberent,
1439 2498 1475 2559 ut
1499 2498 1681 2576 Gregorius
1705 2501 1798 2577 Papa

1000 2595 1239 2657 ultramontes
1262 2594 1403 2668 veniret,
1415 2595 1485 2656 eta
1507 2593 1641 2658 vinculo
1662 2611 1799 2658 excom·

999 2692 1237 2755 manicationis
1266 2708 1342 2754 eum
1366 2691 1567 2755 absolveret
1596 2694 1666 2765 Quo
1689 2693 1796 2767 tacto,

999 2806 1062 2852 rex
1073 2806 1132 2852 ore
1147 2790 1282 2868 proprio
1290 2793 1519 2869 juramentum
1532 2791 1696 2868 praestitit,
1709 2790 1798 2870 quod

999 2889 1035 2949 in
1062 2888 1208 2951 adventu
1231 2887 1340 2965 ipsius
1359 2888 1532 2950 pontiacis
1554 2887 1680 2967 absque
1708 2890 1797 2953 malo

1000 2985 1136 3062 ingenio
1150 2987 1224 3064 ejus
1238 2986 1344 3049 staret
1357 2985 1515 3048 mandato
1527 3006 1535 3046 ε
1547 2987 1580 3047 et
1590 3001 1800 3064 consequen-

448 2629 586 2690 CAPUT
604 2628 645 2688 ΙΙ.

141 2809 517 2882 Hertrtelperotrocto,
531 2806 698 2880 Rodnlpbt
707 2804 836 2874 abactio,
848 2803 945 2864 trrttt

286 2904 431 2968 conatos
446 2906 607 2981 crepera
624 2916 690 2978 pro
705 2916 803 2978 porc.

186 3076 218 3144 7.
240 3084 372 3145 interea
387 3080 443 3143 ubi
467 3080 508 3142 de
523 3079 624 3156 Regis
644 3077 756 3141 banno
779 3077 820 3141 ad
843 3095 944 3141 aures

144 3181 238 3259 vulgi
254 3179 437 3259 personuit,
453 3180 543 3241 totns
554 3177 644 3239 orbis
657 3180 828 3240 Romanus
840 3177 945 3239 nimio

145 3281 268 3343 timore
284 3277 481 3356 perterritus
494 3291 561 3338 non
577 3275 791 3337 mediocriter
804 3275 947 3336 vacilla-

145 3378 197 3440 rit
218 3394 225 3439 :
243 3376 350 3440 Italici
375 3390 517 3453 namque
543 3373 711 3435 antistites
736 3375 770 3435 et
796 3373 946 3450 episcopi

145 3474 320 3537 Teutonici
334 3472 429 3549 regni
445 3487 546 3549 super
564 3472 659 3532 tanta
683 3469 895 3531 dissensione
910 3469 946 3530 in

147 3575 261 3651 partes
281 3570 535 3635 secluserunt
558 3570 593 3631 et
617 3571 754 3630 auctore
774 3565 944 3639 Guiberto,

147 3669 236 3748 apud
248 3670 395 3747 Papiam,
410 3668 624 3730 contumaces
634 3664 780 3743 episcopi
793 3663 947 3726 Lombar·

147 3768 213 3829 diae
242 3767 318 3845 post
342 3765 473 3828 Pascha
500 3763 729 3828 convenerunt
752 3763 788 3824 in
812 3778 944 3824 unum:

147 3865 272 3945 ibique,
295 3864 465 3927 imitantes
494 3859 650 3924 Photinm
678 3861 711 3923 et
738 3860 944 3932 Dioscoron,

185 4066 229 4143 (o)
249 4068 304 4125 dra
339 4067 402 4124 rina
421 4066 469 4123 ill
481 4066 607 4123 Leonem
629 4063 787 4122 isauricum
801 4072 831 4122 et
844 4078 947 4123 omnes

113 4146 118 4155 '
147 4144 303 4203 iconomac
323 4154 358 4196 os
372 4138 548 4195 nntnnnn
563 4136 727 4202 obstrinxit,
747 4137 839 4209 inquil
852 4139 943 4194 zona·

146 4228 206 4281 ras,
221 4215 248 4268 et
265 4209 413 4282 venientia
431 4224 491 4280 pun
505 4222 592 4279 napae
609 4207 647 4263 ad
664 4207 694 4263 id
706 4211 761 4263 tem
781 4223 814 4264 ns
829 4207 946 4279 inperio

146 4281 267 4353 tndetld
291 4289 334 4339 est
359 4277 730 4349 exitaliatpendcbnntnrt
772 4278 852 4344 ituit,
875 4279 947 4334 inito

144 4370 210 4414 cem
224 4352 346 4411 Francis
359 4348 515 4477 dmg}
529 4346 627 4405 videre
637 4354 681 4404 est
692 4347 768 4420 apud
781 4348 945 4429 baronium,

146 4425 184 4484 ad
203 4439 251 4482 an.
270 4423 333 4493 lio,
352 4436 379 4479 n.
400 4419 448 4492 it)
510 4423 573 4476 erto
586 4418 767 4488 imperatoris
781 4419 945 4487 otednmin,

145 4498 180 4553 ob
191 4509 355 4568 perpernam
368 4492 429 4563 ejas
440 4490 608 4562 opinionem.
624 4490 694 4547 Corn
710 4502 781 4562 ergo
795 4488 869 4547 Otbo
884 4490 944 4546 Fri·

146 4564 294 4640 singensis
306 4565 345 4621 ait
358 4580 364 4620 ε
377 4565 516 4635 «begoai
529 4560 627 4633 relego
640 4562 833 4618 Romanorum
844 4574 945 4633 regum

146 4644 177 4696 et
187 4639 392 4710 imperatorum
407 4640 501 4707 gesta,
514 4638 543 4690 et
558 4644 699 4713 nosque-m
712 4629 828 4688 invenio
843 4644 944 4704 quem-

147 4720 357 4839 illitati
376 4700 947 4859 ,fratriaattrectabat?

146 4859 220 4919 turn,
238 4845 387 4906 »ostendit
401 4861 434 4904 se
458 4845 534 4918 loqur
557 4843 593 4903 de
617 4859 653 4901 ns
680 4843 730 4916 qul
750 4858 778 4900 rn
793 4843 947 4902 Occidente

147 4927 316 4995 mnarum,
337 4932 394 4975 non
416 4923 513 4974 numm
536 4914 572 4972 de
599 4913 819 4987 imperatoribus
829 4915 946 4985 Graccis,

147 5006 270 5066 quornm
281 4991 376 5064 plnres
390 4986 573 5045 anathemate
588 4985 734 5059 perculsos
744 4984 832 5044 luisse
846 4986 947 5044 obbae·

147 5064 236 5122 resim
251 5069 360 5120 certum
370 5066 424 5116 est.
827 5096 829 5101 .

184 5134 226 5208 (t)
247 5134 348 5191 Sciens
363 5130 498 5189 Nicolans
511 5126 587 5200 quod
599 5126 697 5197 Pipini
711 5124 797 5184 irater
812 5128 945 5199 cantu,

147 5220 200 5264 seu
225 5202 549 5278 poliueccrtomonnas,
565 5199 654 5256 mullo
680 5198 759 5270 prius
784 5213 870 5271 quem
885 5201 943 5258 Ste-

145 5277 262 5348 pannos
276 5276 315 5332 Pa
337 5269 463 5338 aluerit,
476 5269 568 5327 lactus
589 5270 625 5326 sil
646 5268 805 5326 inonachus
824 5270 945 5339 cassini,

147 5346 297 5405 lactaria
318 5289 404 5416 gepae
425 5355 530 5398 nornen
552 5340 599 5398 bic
624 5339 769 5423 substituit
791 5346 822 5423 et
846 5356 945 5469 repam

148 5417 366 5483 candentium
380 5413 487 5481 volens,
502 5409 598 5481 credo,
609 5412 800 5482 carpenum
813 5413 881 5469 rutel
894 5413 944 5498 igi,

148 5488 279 5548 bierovin
302 5500 384 5542 orum
395 5497 497 5556 regum
507 5483 648 5550 ultimum,
661 5482 689 5538 in
701 5483 783 5553 cuius
792 5481 946 5567 depositio·

148 5575 216 5619 nem
232 5501 386 5617 anglarias
397 5554 578 5613 consensisse
589 5553 625 5611 ab
635 5551 947 5626 dinumeraberunt

149 5631 372 5715 carlomannum
386 5624 459 5700 qnod
469 5626 578 5695 attinet,
590 5639 624 5681 ex
634 5623 945 5687 Anastasioblbllolbo·
980 5711 1000 5731 r

999 3086 1052 3147 ter
1079 3083 1248 3162 principes
1276 3083 1398 3145 iterum
1421 3084 1622 3161 juraverunt
1647 3084 1683 3144 in
1709 3083 1800 3147 buno

1000 3181 1189 3254 modum‚ut
1201 3180 1229 3242 si
1240 3195 1303 3241 rex
1311 3180 1580 3258 quodjrrrauerat
1590 3180 1797 3253 observaret,

999 3278 1067 3356 ipsi
1081 3292 1156 3340 cum
1171 3292 1211 3338 eo
1223 3277 1259 3338 in
1273 3292 1374 3337 manu
1384 3275 1496 3338 valida
1507 3276 1801 3354 proficiscerentur

1001 3376 1042 3436 ad
1069 3373 1185 3436 urbem
1213 3376 1369 3446 Romam
1395 3374 1429 3435 et
1452 3374 1588 3452 recepta
1615 3373 1799 3452 imperialis

1001 3487 1134 3534 coronae
1149 3470 1312 3547 dignitate
1327 3486 1346 3531 a
1362 3471 1496 3533 domino
1511 3471 1673 3548 Gregorio
1694 3473 1798 3550 Papa,

1001 3568 1245 3631 descenderent
1266 3584 1341 3631 cnm
1361 3568 1512 3632 exercitu
1532 3568 1568 3631 in
1588 3569 1744 3646 Apuliam
1766 3573 1801 3633 el

1001 3666 1189 3729 Calabriam
1203 3666 1319 3729 contra
1333 3667 1558 3740 Normannos,
1575 3668 1633 3747 qui
1644 3670 1724 3732 tuno
1739 3667 1801 3739 ad-

1000 3763 1225 3828 versabantur
1251 3764 1453 3842 apostolice
1482 3762 1578 3842 Sedi;
1613 3768 1648 3829 et
1673 3767 1800 3830 terram

1001 3864 1119 3942 ipsam,
1136 3862 1287 3941 expulsis
1302 3863 1517 3937 Normannis,
1533 3862 1630 3927 beato
1653 3865 1751 3928 Petro
1766 3867 1801 3933 et

1000 4066 1078 4124 cario
1092 4066 1210 4136 scimus,
1226 4062 1302 4138 qnod
1308 4065 1369 4140 J'am
1382 4064 1566 4135 monachum,
1581 4072 1666 4138 etque
1681 4065 1717 4124 ab
1730 4066 1800 4141 lips·

1001 4137 1071 4195 uoto
1091 4136 1347 4211 langobardorum
1364 4150 1435 4209 rege
1456 4136 1577 4194 missum
1596 4138 1624 4194 ln
1636 4138 1798 4207 Francianr,

1001 4207 1037 4265 ed
1057 4205 1172 4264 tratrem
1194 4205 1230 4264 ab
1245 4206 1350 4264 auxilio
1370 4207 1456 4279 Papae
1474 4205 1592 4263 terendo
1603 4207 1798 4277 alienandum,

1001 4278 1086 4350 idque
1098 4277 1173 4334 serio
1188 4283 1335 4350 agentern,
1351 4275 1424 4333 sicut
1439 4276 1798 4356 nielepersuasusluera13

1000 4348 1037 4406 de
1046 4347 1192 4405 communi
1204 4346 1324 4405 consilio
1334 4361 1384 4404 rex
1392 4345 1510 4417 Piprous
1519 4354 1548 4403 et
1554 4349 1631 4418 Papa
1638 4347 1800 4418 Stephanos

1004 4440 1015 4470 ι
1030 4419 1059 4474 in
1074 4417 1250 4476 monasterio
1258 4417 1315 4474 iilic
1323 4418 1353 4475 in
1364 4417 1483 4475 Francia
1492 4416 1799 4490 collocaveruntjuxln

1001 4489 1029 4546 id
1044 4487 1120 4561 qnod
1133 4502 1166 4547 se
1177 4487 1332 4545 devoverat
1347 4484 1546 4543 monachicam
1559 4500 1575 4542 a
1598 4501 1648 4543 ere
1658 4488 1748 4545 vitam
1766 4504 1796 4545 i:

1001 4566 1087 4633 atque
1110 4558 1167 4616 boo
1182 4558 1365 4616 occasionem
1386 4556 1456 4613 dare
1477 4500 1682 4629 potuitffientio
1698 4559 1797 4617 abaci·

1002 4630 1099 4700 nandi,
1108 4629 1190 4759 onesi
1199 4627 1306 4757 aliquid
1318 4627 1354 4686 de
1363 4627 1544 4687 carlomanni
1556 4628 1735 4704 depositione
1749 4646 1799 4706 por

1001 4717 1032 4759 re
1055 4716 1101 4759 ern
1128 4708 1189 4758 acta
1203 4699 1241 4757 ibt
1262 4714 1278 4758 e
1302 4700 1380 4758 isset.
1459 4769 1466 4782 ⁶

1033 4717 1076 4847 {ct
1092 4715 1500 4854 llicconlnndftnrbotbortns
1511 4784 1565 4828 rea
1577 4768 1800 4857 (undeintbortt

1000 4839 1800 4999 ttclrnmttlftlllralltratratino

1001 5002 1078 5072 aa
1091 4982 1643 5114 'sstaii‘trrdabtlnllr
1660 5000 1798 5113 “tlitii

1001 5058 1165 5186 geecilffit’.
1185 5072 1325 5185 ¹§inmittor
1351 5133 1451 5184 eontra
1480 5070 1678 5184 niobaelerfioe
1679 5125 1798 5184 Balbum

1002 5201 1073 5257 ultra
1089 5196 1183 5255 minas
1194 5196 1401 5271 nonprooessit
1412 5197 1547 5256 Nicotaus
1562 5198 1650 5269 Papa,
1664 5195 1711 5268 qui
1722 5209 1799 5253 anno

1001 5270 1054 5328 867
1066 5270 1164 5326 vivere
1173 5267 1268 5326 desiit.

1037 5340 1078 5426 (l)
1098 5341 1141 5399 On
1194 5347 1225 5397 ut
1240 5333 1466 5468 rafprocber'de
1474 5343 1550 5419 celte
1562 5335 1751 5420 justillcalion
1764 5335 1800 5420 de

1001 5411 1141 5487 Gregoire
1178 5412 1216 5480 ii,
1227 5410 1270 5468 cel
1282 5425 1298 5468 e
1310 5409 1515 5490 quadrageno
1530 5406 1677 5488 lui-rneme
1695 5404 1801 5465 iournrt

1001 5485 1074 5542 dens
1087 5497 1120 5541 sa
1139 5482 1222 5540 lettre
1236 5499 1244 5539 :
1260 5480 1306 5538 Ad
1320 5481 1528 5537 ilenmonnnm
1541 5489 1625 5546 episc.
1641 5478 1798 5549 lirinensem,

1002 5556 1056 5628 ap.
1072 5556 1105 5625 b,
1115 5568 1155 5624 rr,
1168 5553 1196 5624 l,
1209 5551 1255 5610 ed.
1268 5550 1402 5623 Pegnlor,
1415 5556 1436 5607 t.
1448 5549 1470 5620 l,
1486 5564 1514 5622 p.
1530 5547 1593 5607 299.

1273 5634 1290 5687 l
