3996 6196
110 264 151 326 93
756 213 865 274 oeno
887 213 1100 277 nonanus.
1698 260 1737 320 94

151 384 905 465 consuetudoeiiamestclericorum,utquan·
956 387 1068 451 veniat
1089 385 1194 450 dictus
1220 384 1438 463 primicerius,
1472 385 1519 448 ita
1551 383 1635 463 quod
1666 383 1737 461 ipse

111 477 153 541 do
165 495 284 541 curam
302 480 428 543 iaciunt
448 481 556 550 altari,
579 480 758 542 secundum
775 480 903 558 tempus
956 483 999 544 sit
1022 486 1070 551 11,
1094 483 1129 545 et
1151 482 1338 545 officiabunt
1358 481 1529 544 ecclesiam
1549 481 1584 541 in
1602 480 1735 556 vigilia,

111 576 348 652 procurentur,
373 576 406 640 et
429 576 507 638 inde
539 576 703 652 accipiant
733 576 903 637 denarium
956 579 1136 649 Matutinis,
1158 580 1192 641 et
1208 579 1333 640 Missa:
1347 580 1380 639 et
1398 575 1659 654 procurabuntur
1673 573 1737 652 ipsi

110 686 214 732 unum
238 670 446 748 Papiensem.
479 674 545 733 Pro
575 671 746 733 abluendis
775 687 904 749 quoque
956 675 988 735 et
1000 672 1064 734 duo
1076 688 1188 749 eorum
1201 673 1381 735 servientes
1393 673 1545 735 decenter
1558 673 1591 732 et
1601 670 1737 732 honeste

110 766 162 829 vel
174 766 400 829 resarciendis
407 766 526 844 pannis
533 768 587 829 vel
596 767 732 829 cortinis
741 767 902 836 ecclesiae,
956 768 1070 829 inillis
1083 768 1228 836 cibariis,
1244 767 1362 845 quibus
1386 768 1559 831 conventui
1577 768 1738 829 serviatur

112 862 263 924 clavibus
284 863 317 923 et
340 862 445 931 ostiis,
465 862 611 940 precium
631 863 727 925 datur
747 862 788 924 de
807 862 904 923 altari
956 863 991 924 in
1012 864 1084 941 ipsa
1103 864 1178 923 die:
1199 864 1232 924 et
1249 878 1309 940 pro
1329 879 1389 924 sua
1407 863 1558 925 mercede
1581 861 1738 938 recipient

112 959 152 1019 de
163 958 344 1020 medIetate
355 958 594 1035 episcoporum.
606 960 725 1020 Omnes
737 958 904 1035 lampades
956 960 1082 1021 sextam
1094 959 1220 1036 partem
1233 957 1434 1020 oblationum
1456 958 1593 1035 majoris
1611 957 1736 1026 altaris,

112 1055 144 1117 et
160 1053 289 1116 baciles
310 1053 543 1115 canonicorum
562 1054 649 1114 sunt.
669 1055 788 1115 Omnes
806 1051 902 1115 obla·
956 1052 1116 1116 duntaxat
1141 1051 1177 1112 in
1196 1051 1313 1128 spatio,
1335 1066 1399 1128 quo
1420 1049 1523 1112 Missa
1543 1049 1736 1119 celebratur,

110 1151 229 1222 tiones,
247 1165 321 1227 quae
332 1148 522 1211 ueniuntad
537 1164 654 1211 manus
666 1149 811 1226 episcopi
822 1148 905 1210 heb-
956 1164 1054 1226 super
1063 1148 1144 1210 illud
1156 1148 1352 1210 cadentium.

110 1245 300 1310 domadarii
331 1244 447 1307 altaris
478 1244 631 1321 majoris,
663 1244 823 1305 medietas
854 1243 905 1306 est
995 1246 1132 1322 Insuper
1142 1244 1213 1320 ipse
1225 1242 1432 1320 primicerius
1445 1243 1563 1320 recipit
1573 1241 1614 1304 ab
1628 1240 1737 1303 eccle-

111 1343 215 1420 ipsius
241 1340 401 1419 episcopi,
423 1340 456 1402 et
477 1339 636 1402 medietas
657 1340 901 1409 canonicorum,
955 1339 1005 1401 sia
1018 1340 1099 1401 duos
1120 1339 1243 1401 solidos
1266 1339 1512 1401 Prouisinorum
1531 1339 1663 1399 senatus
1678 1350 1738 1413 pro

110 1438 334 1518 praeterquam
346 1435 387 1497 de
401 1450 486 1513 pane
497 1436 530 1498 et
540 1436 630 1505 uino,
644 1435 730 1514 quod
742 1436 792 1498 est
802 1450 904 1497 cano-
955 1435 1123 1510 mercede;
1148 1434 1181 1496 et
1202 1435 1426 1512 unusquisque
1448 1433 1680 1496 canonicorum
1701 1433 1739 1492 12

110 1537 276 1597 uicorum.
956 1530 1125 1599 denarios,
1152 1530 1346 1608 computatis
1370 1531 1406 1590 in
1428 1528 1589 1606 praesente
1614 1538 1739 1589 summa

149 1630 323 1693 InNatale
335 1626 466 1690 Domini
478 1626 519 1689 de
542 1625 716 1689 medietate
727 1625 901 1703 episcopo·
956 1625 1101 1687 denariis
1126 1625 1209 1695 illie,
1237 1625 1293 1701 qui
1320 1624 1439 1686 dantur
1468 1623 1656 1685 cantoribus
1680 1639 1739 1701 pro

109 1723 330 1804 rumduas(i.
357 1720 504 1801 saumas)
528 1714 655 1783 laumas
668 1720 707 1783 de
719 1721 830 1783 merlis
842 1735 902 1799 pro
955 1719 1185 1797 responsoriis.
1199 1721 1269 1780 Hoc
1277 1719 1385 1781 autem
1394 1718 1531 1794 utraque
1538 1734 1615 1794 pars
1627 1718 1740 1778 obser-

111 1822 254 1885 ecclesia
267 1817 902 1886 :etsimiliterinResurrectione‚Natali
954 1830 1034 1876 vare
1056 1815 1187 1876 tenetur
1210 1814 1247 1875 in
1272 1812 1421 1875 omnibus
1446 1812 1514 1873 illis
1536 1811 1639 1881 iestis,
1666 1828 1738 1888 quae

112 1917 219 1979 sancti
242 1915 407 1979 Jonanms
437 1912 609 1992 Baptistae,
633 1916 666 1975 et
688 1911 771 1975 sesto
796 1912 901 1976 sancti
954 1909 1186 1970 Lateranensis
1199 1908 1492 1971 ecclesiasoluerit
1504 1907 1661 1984 praedicto
1679 1922 1737 1968 or·

112 2011 309 2078 salvatouis.
955 2004 1031 2066 dine
1052 2004 1231 2072 celebrare,
1251 2004 1283 2066 et
1304 2002 1345 2064 ad
1366 2018 1407 2064 ea
1426 2002 1650 2079 primicerium
1666 2018 1740 2064 cum

955 2098 1068 2159 schola
1090 2098 1222 2160 duxerit
1239 2097 1437 2159 inuitandos.
1459 2097 1523 2157 Sed
1541 2096 1575 2156 in
1590 2097 1740 2158 omnibus

957 2192 1151 2254 stationibus
1166 2192 1398 2253 lateranensis
1418 2190 1567 2251 ecclesiae
1583 2191 1740 2267 primice-

956 2288 1028 2347 rius
1051 2288 1084 2347 et
1104 2286 1229 2355 schola,
1251 2285 1351 2346 etiam
1372 2299 1439 2345 non
1464 2283 1604 2353 invitati,
1628 2287 1742 2349 venire

148 2395 187 2455 ln
200 2393 340 2455 nomine
360 2389 491 2452 Domini
510 2403 616 2449 amen.
630 2388 724 2446 Anno
742 2383 830 2451 1232,
845 2382 904 2441 ln·
958 2380 1076 2442 debent
1090 2381 1131 2442 ad
1146 2380 1353 2442 serviendum
1367 2380 1403 2440 in
1419 2379 1526 2441 officio
1538 2380 1647 2441 missae
1661 2383 1740 2442 tan-

111 2490 188 2551 dict.
203 2492 238 2558 5,
254 2487 428 2549 conventio
444 2483 522 2546 talis
534 2483 620 2543 iacta
634 2480 684 2541 est
701 2478 790 2539 inter
804 2476 905 2537 Late-
959 2476 1173 2553 tumsprosua
1184 2474 1335 2535 mercede
1346 2474 1430 2535 nihil
1442 2473 1532 2534 aliud
1544 2476 1739 2553 perceptmi,

112 2599 296 2646 senensem
330 2579 520 2646 ecclesiam,
553 2577 587 2638 et
617 2572 839 2653 primicerium
874 2571 907 2631 et
957 2570 1023 2631 nisi
1035 2570 1161 2630 sextam
1178 2569 1304 2645 partem
1322 2567 1522 2630 oblationum
1535 2571 1671 2647 majoris
1685 2572 1740 2635 al-

111 2679 268 2742 scholam
281 2678 464 2743 cantorum
477 2672 562 2751 quod
574 2671 645 2748 ipse
657 2671 691 2729 in
703 2669 785 2729 iosto
799 2666 904 2726 sancti
956 2665 1039 2727 iaris
1049 2664 1189 2734 tantum
1203 2664 1287 2727 sicut
1299 2680 1399 2742 supra
1410 2664 1640 2743 scriptumest

112 2773 281 2838 lobannis
305 2771 461 2850 Baptista
484 2783 557 2831 cum
581 2766 693 2829 decem
717 2761 903 2827 amoribus

272 2232 374 2305 Aliud
384 2230 550 2304 saeptum
561 2226 744 2289 recentius.

834 3120 1013 3178 namra

152 3327 211 3389 Col.
223 3327 273 3397 59,
286 3334 320 3382 n⁰
335 3324 381 3396 36,
395 3338 431 3381 au
445 3321 544 3381 lieude
555 3325 670 3388 Πυνσχα,
681 3321 749 3378 lisez
765 3337 772 3377 :
786 3320 878 3385 Πάσχα

152 3429 194 3484 Au
203 3424 265 3481 lieu
279 3421 315 3480 tle
331 3421 527 3484 inmodicum,
539 3419 622 3478 lisez:
639 3418 827 3481 Πανσέὀασμον.

768 3738 1085 3759 Μ
