3936 6192
810 300 988 366 HONORII
1007 302 1052 365 111
1074 301 1222 365 OPERA.
1776 300 1837 365 las

228 468 297 529 Hic
311 464 646 542 6111611611166161116,
665 462 698 525 61
712 462 813 525 dicit:
832 481 851 525 c
865 460 986 543 Accipe
1039 462 1117 526 tatis
1133 462 1277 539 insigne,
1295 456 1423 539 virgam
1441 458 1569 524 scilicet
1585 462 1712 524 rectam
1730 465 1836 540 regni

189 563 337 639 gladium
359 578 433 624 oum
457 561 517 623 Dei
539 560 769 624 benedictione
792 561 854 624 tibi
882 562 988 624 colla·
1039 562 1168 637 virgam
1190 560 1335 633 virtutis,
1358 574 1424 636 qua
1442 560 1475 621 te
1494 561 1603 637 ipsum
1620 559 1707 622 bene
1727 576 1836 638 regas,

191 663 272 734 tum,
304 661 340 722 in
366 676 431 738 quo
451 675 511 738 per
535 659 691 721 virtutem
715 660 858 736 Spiritus
879 659 986 722 sancti
1040 660 1188 721 sanctam
1209 656 1403 729 Ecclesiam,
1426 658 1650 735 populumque
1676 657 1838 721 Christia-

185 308 247 375 427

191 759 349 822 resistere
363 760 397 821 et
408 759 530 836 ejicere
545 773 659 820 omnes
675 756 828 819 inimicos
839 758 914 820 tuos
926 774 988 819 ra·
1040 773 1119 818 666
1140 755 1201 818 tibi
1227 771 1247 817 a
1270 757 1337 817 Deo
1362 754 1574 817 commissum
1597 755 1693 831 regia
1716 756 1838 818 virtute

190 856 272 930 less,
289 858 323 918 et
334 857 470 918 cunctos
486 854 610 917 sanctae
629 855 689 916 Dei
705 854 855 917 ecclesiae
867 854 988 917 adrer-
1041 854 1082 916 61)
1096 852 1257 930 improbis
1271 852 1572 931 delendas,prarcs
1587 853 1749 930 corrigas,
1764 870 1839 916 rec-
1945 852 1946 855 ’

190 954 313 1028 serios,
333 969 538 1031 regnumque
559 952 619 1015 tibi
637 952 848 1014 commissum
871 952 984 1027 tutari,
1039 953 1092 1016 tos
1109 952 1274 1029 pacifices,
1293 952 1326 1014 ct
1338 950 1473 1014 utriam
1489 951 1615 1013 rectam
1628 952 1744 1013 166616
1761 968 1839 1028 pos·

188 1053 288 1130 atque
307 1046 480 1129 protegere
505 1052 615 1113 castra
641 1050 720 1119 Dei,
742 1066 804 1129 per
823 1050 987 1113 auxilium
1041 1050 1124 1124 sint,
1150 1052 1206 1113 tuo
1230 1051 1404 1129 juvamine
1433 1050 1574 1127 dirigas,
1603 1051 1768 1128 quatenus
1797 1052 1837 1113 de

189 1150 400 1212 invictissimi
433 1149 685 1227 triumphatoris
717 1147 850 1211 Domini
881 1148 986 1211 nostri
1040 1149 1214 1227 temporali
1224 1164 1327 1226 regno
1339 1149 1380 1210 ad
1392 1149 1553 1211 aeternum
1566 1149 1755 1225 pervenias,
1766 1149 1839 1226 ipso

190 1252 270 1310 iesu
284 1247 418 1319 Christi,
437 1248 493 1325 qui
510 1263 585 1309 oum
600 1247 699 1309 Patre
712 1245 748 1308 in
765 1247 892 1309 unitate
911 1246 988 1324 Spi-
1041 1247 1219 1325 adjurante
1240 1250 1336 1326 cujus
1358 1261 1499 1324 regnum
1518 1248 1552 1309 et
1566 1247 1744 1324 imperium
1766 1248 1837 1308 sinc

189 1346 275 1408 ritus
299 1346 405 1407 sancti
430 1345 569 1407 visitet
592 1343 764 1423 regnatin
780 1344 901 1407 saecula
922 1360 989 1406 66-
1041 1344 1107 1406 1166
1116 1346 1288 1424 permanet
1296 1344 1332 1406 in
1342 1345 1465 1406 saecula
1473 1344 1683 1406 saeculorum.
1695 1348 1838 1406 Amen.»

190 1444 352 1514 culorum,
373 1446 524 1505 Amen.»
1082 1443 1202 1506 Oratio
1221 1443 1302 1517 post
1324 1443 1444 1505 dottam
1468 1444 1656 1518 sceptrum.
1684 1443 1836 1503 Omnium

231 1542 350 1603 Oratio
365 1542 444 1616 post
461 1544 613 1618 6166111611
628 1559 640 1602 .·
659 1558 677 1602 c
693 1542 780 1604 Deus
794 1539 852 1619 qul
870 1539 986 1618 prori-
1041 1538 1180 1603 Domine
1195 1540 1270 1602 tons
1285 1540 1459 1613 bonorum,
1480 1541 1739 1617 cunctorumque
1752 1543 1838 1601 Deus

192 1639 303 1701 dentia
319 1639 377 1701 tua
394 1639 543 1701 coelestia
559 1638 658 1699 simul
671 1639 704 1701 et
714 1639 847 1701 166666
868 1636 987 1700 mode·
1041 1637 1212 1701 institutor
1224 1637 1447 1716 profectuum,
1462 1636 1572 1700 tribue
1582 1653 1775 1715 quaesumus
1788 1637 1839 1699 ia·

192 1737 292 1805 raris,
309 1737 491 1815 propitiare
505 1735 788 1799 christianissimo
809 1737 892 1813 Regi
904 1752 987 1799 nos·
1042 1737 1131 1799 mulo
1144 1736 1203 1799 tuo
1223 1737 1276 1799 ·N·
1292 1735 1447 1814 adeptam
1469 1734 1677 1812 boneregere
1694 1735 1839 1813 dignita-

192 1835 260 1906 116,
289 1835 325 1896 61
354 1834 461 1895 omnis
490 1832 637 1894 hostium
665 1848 801 1895 sucrum
830 1832 988 1896 tortitudo
1042 1836 1119 1907 tem,
1138 1834 1171 1897 et
1184 1849 1205 1896 6
1218 1835 1253 1898 te
1264 1833 1328 1895 sibi
1345 1833 1529 1911 praestitum
1544 1833 1706 1895 honorem
1725 1849 1840 1895 corro-

192 1931 315 1993 rirtute
342 1931 445 2008 gladii
471 1930 638 2008 spirituali
671 1916 860 2007 frangatur,
890 1932 989 2010 atque
1042 1930 1161 1994 borare
1175 1931 1329 2008 dignare;
1343 1930 1695 2008 honorificaeumprae
1710 1931 1838 1993 cunctis

193 2028 251 2090 illo
266 2028 433 2107 pugnante
450 2027 581 2106 penitus
596 2029 830 2091 conteratur.»
1042 2029 1176 2107 regibus
1187 2029 1298 2102 terrae,
1312 2027 1406 2090 uberi
1419 2044 1494 2090 eum
1506 2026 1738 2090 benedictione
1747 2027 1839 2089 locu·

232 2129 301 2187 iiic
313 2125 510 2188 coronetur.
529 2127 620 2186 Tunc
634 2125 891 2188 archidiaconns
904 2125 991 2189 acci·
1043 2127 1142 2206 pleta,
1154 2128 1187 2189 et
1197 2126 1233 2188 iu
1247 2126 1331 2189 solio
1346 2125 1441 2203 regni
1456 2125 1551 2187 tirma
1566 2125 1748 2188 stabilitate
1760 2141 1839 2187 oon·

192 2221 262 2300 piat
284 2237 440 2285 coronam
460 2222 501 2284 de
522 2222 621 2285 altari
642 2223 748 2285 sancti
770 2223 935 2297 Mauricli,
956 2223 990 2286 et
1043 2222 1840 2301 61116161666616661616666166166-
1945 2282 1946 2293 ,

193 2320 342 2398 porrigat
359 2320 492 2383 domino
508 2323 618 2397 Papae,
640 2336 739 2399 quam
760 2337 861 2398 quum
882 2320 990 2383 domi·
1042 2321 1206 2383 lixitatem
1214 2320 1304 2394 ritae,
1315 2320 1351 2381 in
1361 2318 1477 2381 diebus
1489 2322 1705 2397 ejussemper
1714 2320 1839 2381 oriatur
1945 2304 1946 2391 Ϊ

193 2433 256 2479 nus
269 2421 360 2495 Papa
372 2418 520 2496 posuerit
535 2433 635 2495 super
650 2419 750 2495 caput
765 2418 880 2492 Electi,
901 2417 991 2481 dicat
1038 2418 1182 2497 justitia,
1194 2418 1230 2480 ut
1241 2433 1315 2479 cum
1322 2415 1530 2495 jucunditate
1538 2417 1573 2479 et
1583 2416 1703 2479 loetitia
1716 2418 1839 2479 aeterno

193 2513 281 2576 hano
293 2516 477 2578 oraticnem
491 2531 498 2571 ε
512 2533 531 2577 c
543 2516 664 2593 Accipe
678 2516 808 2592 signum
823 2516 939 2592 gloriae
953 2516 989 2577 in
1042 2516 1205 2594 glorietur
1218 2515 1253 2577 in
1267 2531 1383 2592 regno.
1399 2517 1464 2577 Per
1477 2515 1664 2587 Dominum,
1681 2516 1746 2577 etc.

193 2612 327 2674 nomine
349 2613 461 2674 Patris
487 2616 520 2674 et
544 2612 677 2697 1111161
700 2611 842 2688 Spiritus
869 2612 987 2685 sancti,
1083 2614 1163 2676 Post
1173 2613 1258 2686 baec,
1273 2613 1426 2675 dominus
1439 2615 1529 2689 Papa
1542 2628 1617 2673 cum
1632 2612 1703 2673 suis
1718 2612 1838 2672 minis·
1945 2624 1946 2707 3

194 2711 228 2769 et
250 2710 361 2785 spreto
384 2709 520 2786 antiquo
546 2709 654 2780 hoste,
679 2710 863 2787 spretisque
880 2711 991 2773 conta·
1043 2711 1104 2774 tris
1123 2710 1165 2772 ad
1184 2712 1292 2773 altare
1310 2709 1399 2771 beati
1423 2710 1513 2772 Petri
1539 2709 1732 2771 revertitur.
1751 2713 1840 2770 Tunc

193 2806 258 2882 giis
273 2806 420 2868 omnium
434 2806 604 2876 vitiorum,
624 2807 673 2867 sic
688 2806 851 2885 judicium
869 2808 903 2869 et
919 2810 991 2884 jus·
1044 2804 1840 2885 6161661661116616616166116161166611616-

193 2903 300 2966 titiam
324 2903 461 2981 diligas,
484 2904 517 2966 et
539 2903 587 2965 ita
605 2902 865 2966 misericorditer
881 2904 987 2977 viras,

195 3001 232 3063 ut
250 3000 291 3062 ab
311 3001 391 3090 ipso¹
407 3001 548 3064 Domino
571 3001 684 3063 nostro
704 3002 785 3064 iesu
808 3000 937 3064 Christo
954 3001 990 3064 in

195 3100 362 3162 consortio
378 3100 573 3162 Sanctorum
591 3099 708 3161 aeterni
722 3099 817 3176 regni
834 3115 990 3162 coronam

194 3197 370 3275 percipias.
387 3197 449 3269 Qui
465 3213 538 3259 cnm
555 3196 653 3258 Patre
667 3198 762 3259 etc.»

235 3296 414 3372 impositio
433 3310 571 3358 6616116
588 3310 695 3371 serpen
716 3295 819 3371 ceput
838 3299 988 3373 Reginca,

196 3409 293 3471 quam
309 3410 383 3455 cum
399 3393 539 3471 imponit
550 3393 702 3455 dominus
717 3396 807 3471 Papa
820 3409 921 3471 super
934 3410 992 3456 ca-

195 3493 254 3569 put
267 3495 350 3569 ejus,
367 3491 540 3568 imponant
554 3507 671 3552 manus
687 3492 812 3568 septem
831 3491 989 3570 episcopi,

196 3590 229 3651 61
242 3588 330 3651 dicat
343 3589 496 3650 dominus
510 3591 602 3665 Papa
616 3588 684 3650 alta
696 3604 778 3650 voce
791 3609 799 3647 z

236 3685 385 3761 «Accipe
393 3700 550 3747 coronam
558 3685 907 3760 regalisexcellentiae,
919 3702 992 3764 quac

197 3783 275 3844 licet
297 3781 339 3842 ab
354 3781 509 3857 indignis,
533 3782 762 3859 episcoporum
783 3783 895 3844 tamen
921 3800 994 3845 ma-

1045 3213 1108 3259 nus
1127 3199 1218 3274 Papa
1236 3196 1374 3274 incipit:
1396 3200 1519 3261 Gloria
1537 3199 1574 3257 16
1593 3198 1739 3258 cacabis
1758 3200 1837 3257 lieo.
1945 3270 1946 3287 χ

1045 3295 1085 3357 111
1098 3294 1212 3357 schola
1229 3294 1416 3374 respondet.
1431 3293 1556 3356 Deinde
1571 3293 1651 3355 dicit
1662 3293 1750 3354 banc
1765 3308 1841 3354 ora-

1044 3394 1168 3455 116666
1185 3414 1193 3453 r
1209 3395 1297 3455 Deus
1315 3407 1493 3467 regnorum
1510 3390 1669 3463 omnium,
1688 3391 1753 3452 etc.
1771 3393 1839 3462 Qua

1046 3490 1157 3563 finita,
1182 3490 1438 3552 archidiaconns
1464 3504 1540 3551 cum
1566 3489 1699 3550 coeteris
1727 3487 1839 3566 palatii

1045 3687 1098 3747 ter
1122 3701 1254 3747 crucem
1282 3685 1324 3747 et
1340 3683 1447 3747 altare
1472 3683 1589 3761 incipit
1615 3682 1679 3743 bas
1702 3682 1837 3743 laudes:

1046 3783 1176 3844 Exaudi
1186 3782 1326 3844 Christe.
1341 3780 1462 3843 Schola
1474 3782 1553 3843 tunc
1565 3796 1639 3843 cum
1652 3780 1794 3841 notariis
1808 3780 1839 3838 in

1044 2905 1122 2967 cant
1137 2904 1391 2981 imperatorem,
1404 2903 1650 2980 imperatricem
1669 2918 1841 2979 1666666-
1945 2926 1946 2955 r

1044 3000 1150 3063 iectus
1164 3000 1286 3063 stabuli
1301 3002 1335 3063 et
1350 2999 1600 3062 secundicerius
1615 2998 1767 3089 judicum
1782 2998 1839 3078 (l).
1945 3040 1946 3047 .

1045 3098 1169 3172 Quibus
1191 3099 1226 3159 in
1244 3098 1327 3160 locis
1348 3097 1418 3159 suis
1436 3101 1509 3176 jam
1530 3096 1707 3170 stantibus,
1730 3097 1839 3159 domi·
1945 3102 1946 3147 1

1046 3586 1251 3660 diaconibus,
1266 3587 1300 3649 et
1313 3585 1504 3665 primicerio
1516 3586 1550 3649 ct
1563 3585 1777 3648 subdiaconis
1791 3584 1841 3645 in-
1945 3662 1946 3665 Ἴ

197 3880 295 3941 nibus
305 3879 406 3956 capiti
427 3880 484 3941 tuo
500 3878 693 3955 imponitur.
708 3879 804 3940 Unde
814 3880 907 3942 velut
920 3881 992 3943 haec

198 3977 346 4039 exterius
361 3991 443 4037 auro
456 3977 507 4038 est
518 3977 551 4037 61
560 3975 702 4051 gemmis
716 3975 880 4049 redimita,
897 3978 943 4039 ita
956 3978 992 4039 tu

197 4075 338 4135 interius
355 4089 437 4135 auro
458 4072 641 4149 sapientlae,
659 4073 884 4151 virtutumque
898 4090 994 4151 gem·

198 4172 262 4233 mis
283 4172 434 4233 decorari
451 4171 646 4245 contendas3
666 4172 828 4248 quatenus
842 4174 915 4249 post
930 4188 992 4234 oo-

199 4269 367 4331 oasionem
400 4268 499 4346 hujus
532 4268 647 4329 saeculi
673 4284 748 4332 cum
777 4256 993 4346 prudentibus

198 4367 384 4445 virginibus
408 4382 529 4445 sponso
552 4366 689 4444 perenni
712 4368 851 4429 Domino
878 4368 992 4430 nostro

197 4467 277 4528 iesu
292 4466 422 4529 Christo
434 4466 534 4542 digne
548 4465 582 4527 et
597 4464 809 4527 landabiliter
823 4481 991 4539 occurras,

194 4566 397 4641 januamque
419 4563 563 4625 coelestis
584 4563 678 4638 regni
701 4580 777 4625 cum
804 4563 993 4625 6616616-

198 4663 292 4737 gredi
311 4662 483 4729 merearis,
499 4661 556 4737 qui
569 4676 644 4720 cum
659 4663 727 4722 Deo
753 4662 853 4723 Patre
865 4662 899 4723 et
914 4661 994 4739 Spi-

1046 3880 1149 3942 oboro
1178 3879 1381 3957 respondent
1401 3899 1410 3939 t
1434 3879 1575 3941 Domino
1597 3879 1712 3939 nostro
1743 3879 1794 3938 iti·
1821 3892 1840 3936 a

1047 3980 1114 4040 Deo
1138 3977 1269 4039 decreto
1287 3980 1422 4038 Summo
1442 3975 1594 4039 Pontifici
1613 3976 1647 4037 et
1660 3974 1839 4038 universali

1047 4080 1146 4151 Papae
1168 4074 1249 4135 rita.
1274 4073 1314 4135 Et
1331 4072 1395 4134 boo
1413 4073 1476 4134 ter.
1494 4073 1617 4133 iterum
1636 4071 1718 4133 dicit
1739 4070 1841 4147 arciri·

1046 4173 1207 4234 diaconus
1230 4186 1306 4233 cum
1328 4169 1540 4232 cantantibus
1559 4169 1657 4231 simul
1682 4186 1690 4228 :
1716 4166 1840 4229 Exaudi

1047 4269 1187 4331 Christe.
1205 4270 1245 4331 Et
1258 4267 1372 4330 sobole
1387 4284 1463 4329 cum
1482 4267 1622 4329 notariis
1640 4266 1840 4344 respondet:

1048 4366 1187 4430 Domino
1212 4366 1325 4428 nostro
1349 4380 1368 4426 a
1396 4367 1463 4427 Deo
1487 4365 1645 4426 coronato
1667 4380 1790 4441 magno
1812 4365 1842 4423 et

1048 4464 1186 4542 pacilico
1201 4462 1396 4541 Imperatori
1412 4462 1481 4525 rita
1502 4462 1536 4524 et
1553 4461 1706 4523 victoria.
1727 4461 1842 4522 Tribus

1048 4560 1647 4627 vicibus2ExaudiGhriste.Dominae
1657 4560 1840 4622 nostrae·N.

1048 4664 1121 4739 ejus
1149 4658 1283 4737 conjugi
1314 4657 1605 4719 excellentissimae
1639 4656 1843 4733 imperatrici

199 4760 265 4821 ritu
278 4761 393 4820 sancto
407 4758 491 4820 vivit
504 4758 538 4819 ct
552 4758 671 4833 regnat
684 4760 771 4819 Deus
787 4774 847 4836 per
864 4759 994 4822 16116116
1048 4760 1128 4822 vita.
1152 4757 1273 4818 Tribus
1292 4754 1423 4818 vicibus
1444 4755 1540 4827 item,
1568 4754 1690 4816 exaudi
1717 4754 1844 4815 Christe

200 4855 322 4918 saecula
336 4853 545 4917 saeculorum.
564 4858 712 4916 Amen.»
1048 4855 1278 4935 respondetur.
1298 4853 1467 4916 Exercitui
1487 4856 1714 4916 Romanorum
1733 4853 1842 4914 teuto·

239 4956 307 5016 iiic
319 4953 546 5014 deicientibus
557 4951 843 5027 Poposceptrum
855 4957 996 5028 imperti
1049 4953 1124 5016 nico
1143 4953 1212 5015 vita
1232 4954 1265 5014 et
1286 4950 1438 5014 victoria.
1457 4949 1576 5011 Tribus
1602 4949 1732 5010 vicibus
1755 4950 1842 5012 1616.

200 5052 233 5115 61
252 5051 342 5113 dicat
361 5071 369 5110 ι
390 5048 541 5127 «Accipe
565 5049 731 5127 sceptrum
754 5050 856 5127 regiae
879 5052 994 5130 potes·
1050 5051 1203 5115 Salvator
1219 5048 1344 5112 mundi.
1360 5047 1590 5126 Respondetur
1606 5068 1614 5108 z
1629 5048 1667 5109 tu
1688 5046 1769 5108 illos
1783 5047 1844 5109 ad-

237 5271 279 5347 (l)
299 5270 508 5343 L'importance
527 5268 578 5326 des
605 5269 747 5329 ionctions
765 5271 803 5330 du
828 5272 902 5345 iuge
924 5271 996 5331 dans
1050 5274 1104 5330 661.
1120 5272 1184 5342 cle,
1199 5271 1253 5329 col
1270 5271 1341 5329 ule:
1358 5271 1446 5343 «Ego
1459 5268 1606 5328 iohannes
1618 5269 1735 5336 Leonis,
1748 5282 1842 5326 secro-

202 5346 292 5401 Rcmc
311 5351 339 5399 61
356 5358 387 5400 se
404 5340 490 5399 beute
507 5341 658 5411 situation,
674 5340 689 5399 1
708 5350 782 5400 66116
796 5341 917 5415 (speque,
931 5352 998 5403 sont
1050 5352 1156 5402 666616
1176 5346 1312 5400 1166666
1328 5342 1465 5399 Ecclesia
1479 5341 1654 5407 scriniarius,
1671 5338 1783 5397 babens
1794 5355 1854 5410 pc·v

202 5413 351 5486 indiquces
369 5428 420 5485 par
435 5411 486 5469 des
501 5411 669 5470 documents
680 5415 911 5486 contemporales
925 5413 996 5473 dans
1050 5422 1182 5472 testatem
1196 5412 1281 5471 dandi
1296 5420 1403 5469 tutores
1415 5420 1443 5469 et
1462 5419 1617 5478 curatores,
1632 5410 1842 5482 emancipandi,

201 5484 360 5556 lesquelsic
375 5484 521 5554 signatore
538 5482 575 5540 du
587 5483 658 5556 iuge
671 5492 715 5541 est
734 5483 946 5559 accompagnce
960 5485 996 5545 de
1050 5486 1197 5543 decretum
1225 5483 1436 5555 interponendi,
1456 5483 1635 5541 6161166616
1660 5479 1843 5549 decernendi,

200 5554 417 5612 l'enumeration
430 5552 466 5611 de
478 5569 524 5612 ses
538 5554 688 5621 lonctious,
702 5554 774 5611 ainsi
789 5553 874 5627 qu’on
890 5559 996 5630 666116
1050 5557 1191 5631 66661611
1210 5563 1238 5614 61
1255 5554 1374 5613 absolvi.

201 5626 273 5694 voir,
291 5640 341 5698 par
360 5625 837 5699 616661611666116161611116116.
852 5626 915 5686 1161.
925 5636 945 5688 1.
959 5632 995 5700 V,
