<?xml version="1.0" encoding="UTF-8"?>
<!DOCTYPE html PUBLIC "-//W3C//DTD XHTML 1.0 Transitional//EN"
    "http://www.w3.org/TR/xhtml1/DTD/xhtml1-transitional.dtd">
<html xmlns="http://www.w3.org/1999/xhtml" xml:lang="en" lang="en">
 <head>
  <title>
</title>
<meta http-equiv="Content-Type" content="text/html;charset=utf-8" />
  <meta name='ocr-system' content='tesseract 3.04.00' />
  <meta name='ocr-capabilities' content='ocr_page ocr_carea ocr_par ocr_line ocrx_word'/>
</head>
<body>
  <div class='ocr_page' id='page_1' title='image "./mediiaevibiblio07bottgoog_0251.png"; bbox 0 0 3936 6192; ppageno 0'>
   <div class='ocr_carea' id='block_1_1' title="bbox 181 315 1827 385">
    <p class='ocr_par' dir='ltr' id='par_1_1' title="bbox 181 315 1827 385">
     <span class='ocr_line' id='line_1_1' title="bbox 181 315 1827 385; baseline -0.007 0"><span class='ocrx_word' id='word_1_1' title='bbox 181 323 241 385; x_wconf 80' lang='lat'>423</span> <span class='ocrx_word' id='word_1_2' title='bbox 794 315 971 380; x_wconf 86' lang='lat' dir='ltr'><strong>HONORII</strong></span> <span class='ocrx_word' id='word_1_3' title='bbox 994 316 1209 379; x_wconf 79' lang='grc'><strong>1110111111.</strong></span> <span class='ocrx_word' id='word_1_4' title='bbox 1769 323 1827 385; x_wconf 73' lang='grc'>424</span> 
     </span>
    </p>
   </div>
   <div class='ocr_carea' id='block_1_2' title="bbox 180 476 1832 1928">
    <p class='ocr_par' dir='ltr' id='par_1_2' title="bbox 180 476 1832 1928">
     <span class='ocr_line' id='line_1_2' title="bbox 181 476 1826 558; baseline -0.002 -11"><span class='ocrx_word' id='word_1_5' title='bbox 181 487 301 557; x_wconf 84' lang='lat' dir='ltr'>Deum,</span> <span class='ocrx_word' id='word_1_6' title='bbox 325 481 430 543; x_wconf 81' lang='lat' dir='ltr'>fllium</span> <span class='ocrx_word' id='word_1_7' title='bbox 453 480 513 543; x_wconf 83' lang='lat' dir='ltr'>Dei</span> <span class='ocrx_word' id='word_1_8' title='bbox 535 479 570 541; x_wconf 91' lang='lat' dir='ltr'>ln</span> <span class='ocrx_word' id='word_1_9' title='bbox 591 477 720 541; x_wconf 88' lang='lat' dir='ltr'>duabus</span> <span class='ocrx_word' id='word_1_10' title='bbox 742 477 891 552; x_wconf 87' lang='lat' dir='ltr'>naturis,</span> <span class='ocrx_word' id='word_1_11' title='bbox 917 476 975 541; x_wconf 89' lang='lat' dir='ltr'>sed</span> <span class='ocrx_word' id='word_1_12' title='bbox 1030 478 1375 554; x_wconf 84' lang='lat' dir='ltr'>Deusinenarrabllis,</span> <span class='ocrx_word' id='word_1_13' title='bbox 1386 482 1504 545; x_wconf 89' lang='lat' dir='ltr'>auctor</span> <span class='ocrx_word' id='word_1_14' title='bbox 1512 480 1639 555; x_wconf 90' lang='lat' dir='ltr'>mnndi,</span> <span class='ocrx_word' id='word_1_15' title='bbox 1648 481 1826 558; x_wconf 80' lang='lat' dir='ltr'>otooeteru,</span> 
     </span>
     <span class='ocr_line' id='line_1_3' title="bbox 180 575 1460 657; baseline -0.003 -13"><span class='ocrx_word' id='word_1_16' title='bbox 180 581 340 645; x_wconf 84' lang='lat' dir='ltr'>inanius</span> <span class='ocrx_word' id='word_1_17' title='bbox 367 594 518 657; x_wconf 89' lang='lat' dir='ltr'>personae</span> <span class='ocrx_word' id='word_1_18' title='bbox 542 576 792 655; x_wconf 71' lang='lat' dir='ltr'><strong>singularitate,</strong></span> <span class='ocrx_word' id='word_1_19' title='bbox 816 575 976 654; x_wconf 86' lang='lat' dir='ltr'>impassi·</span> <span class='ocrx_word' id='word_1_20' title='bbox 1030 578 1116 641; x_wconf 87' lang='lat' dir='ltr'>sicut</span> <span class='ocrx_word' id='word_1_21' title='bbox 1129 577 1332 641; x_wconf 87' lang='lat' dir='ltr'>inunctione</span> <span class='ocrx_word' id='word_1_22' title='bbox 1348 579 1460 656; x_wconf 82' lang='lat' dir='ltr'>Regis.</span> 
     </span>
     <span class='ocr_line' id='line_1_4' title="bbox 180 673 1827 750; baseline -0.001 -7"><span class='ocrx_word' id='word_1_23' title='bbox 180 681 281 743; x_wconf 93' lang='lat' dir='ltr'>bilem</span> <span class='ocrx_word' id='word_1_24' title='bbox 295 680 328 741; x_wconf 89' lang='lat' dir='ltr'>et</span> <span class='ocrx_word' id='word_1_25' title='bbox 343 675 563 739; x_wconf 81' lang='lat' dir='ltr'><strong>immortalem</strong></span> <span class='ocrx_word' id='word_1_26' title='bbox 578 674 763 747; x_wconf 88' lang='lat' dir='ltr'>divinitate,</span> <span class='ocrx_word' id='word_1_27' title='bbox 781 673 839 736; x_wconf 90' lang='lat' dir='ltr'>sed</span> <span class='ocrx_word' id='word_1_28' title='bbox 856 674 892 736; x_wconf 91' lang='lat' dir='ltr'>in</span> <span class='ocrx_word' id='word_1_29' title='bbox 908 674 976 736; x_wconf 89' lang='lat' dir='ltr'>hu·</span> <span class='ocrx_word' id='word_1_30' title='bbox 1070 675 1178 738; x_wconf 85' lang='lat' dir='ltr'>Finita</span> <span class='ocrx_word' id='word_1_31' title='bbox 1195 677 1357 750; x_wconf 87' lang='lat' dir='ltr'>oratione,</span> <span class='ocrx_word' id='word_1_32' title='bbox 1372 677 1465 740; x_wconf 89' lang='lat' dir='ltr'>vadit</span> <span class='ocrx_word' id='word_1_33' title='bbox 1486 676 1619 740; x_wconf 76' lang='lat' dir='ltr'>Electus</span> <span class='ocrx_word' id='word_1_34' title='bbox 1631 676 1675 739; x_wconf 91' lang='lat' dir='ltr'>ad</span> <span class='ocrx_word' id='word_1_35' title='bbox 1689 677 1827 742; x_wconf 78' lang='lat' dir='ltr'>chorum</span> 
     </span>
     <span class='ocr_line' id='line_1_5' title="bbox 181 772 1828 853; baseline -0.001 -13"><span class='ocrx_word' id='word_1_36' title='bbox 181 778 340 841; x_wconf 82' lang='lat' dir='ltr'>munitate</span> <span class='ocrx_word' id='word_1_37' title='bbox 352 791 412 853; x_wconf 89' lang='lat' dir='ltr'>pro</span> <span class='ocrx_word' id='word_1_38' title='bbox 422 774 518 836; x_wconf 88' lang='lat' dir='ltr'>nobis</span> <span class='ocrx_word' id='word_1_39' title='bbox 530 773 563 837; x_wconf 92' lang='lat' dir='ltr'>et</span> <span class='ocrx_word' id='word_1_40' title='bbox 576 789 637 852; x_wconf 91' lang='lat' dir='ltr'>pro</span> <span class='ocrx_word' id='word_1_41' title='bbox 652 774 766 835; x_wconf 89' lang='lat' dir='ltr'>nostra</span> <span class='ocrx_word' id='word_1_42' title='bbox 778 772 885 835; x_wconf 85' lang='lat' dir='ltr'>salute</span> <span class='ocrx_word' id='word_1_43' title='bbox 899 788 979 851; x_wconf 92' lang='lat' dir='ltr'>pas·</span> <span class='ocrx_word' id='word_1_44' title='bbox 1030 774 1137 836; x_wconf 88' lang='lat' dir='ltr'>sancti</span> <span class='ocrx_word' id='word_1_45' title='bbox 1156 776 1307 850; x_wconf 79' lang='lat' dir='ltr'>Gregorii</span> <span class='ocrx_word' id='word_1_46' title='bbox 1327 791 1403 837; x_wconf 89' lang='lat' dir='ltr'>cum</span> <span class='ocrx_word' id='word_1_47' title='bbox 1420 775 1579 853; x_wconf 73' lang='lat' dir='ltr'>praedicto</span> <span class='ocrx_word' id='word_1_48' title='bbox 1598 775 1828 838; x_wconf 72' lang='grc'><strong>(11111111111111</strong></span> 
     </span>
     <span class='ocr_line' id='line_1_6' title="bbox 182 870 1827 951; baseline -0.001 -14"><span class='ocrx_word' id='word_1_49' title='bbox 182 892 255 937; x_wconf 91' lang='lat' dir='ltr'>sum</span> <span class='ocrx_word' id='word_1_50' title='bbox 269 890 350 936; x_wconf 91' lang='lat' dir='ltr'>vera</span> <span class='ocrx_word' id='word_1_51' title='bbox 371 873 483 935; x_wconf 87' lang='lat' dir='ltr'>carnis</span> <span class='ocrx_word' id='word_1_52' title='bbox 505 872 671 950; x_wconf 81' lang='lat' dir='ltr'>passione,</span> <span class='ocrx_word' id='word_1_53' title='bbox 696 871 730 933; x_wconf 94' lang='lat' dir='ltr'>et</span> <span class='ocrx_word' id='word_1_54' title='bbox 753 870 929 949; x_wconf 91' lang='lat' dir='ltr'>sepultum,</span> <span class='ocrx_word' id='word_1_55' title='bbox 945 871 979 934; x_wconf 90' lang='lat' dir='ltr'>et</span> <span class='ocrx_word' id='word_1_56' title='bbox 1030 872 1319 950; x_wconf 69' lang='lat' dir='ltr'>archipresbytero</span> <span class='ocrx_word' id='word_1_57' title='bbox 1346 874 1381 935; x_wconf 93' lang='lat' dir='ltr'>et</span> <span class='ocrx_word' id='word_1_58' title='bbox 1411 872 1672 946; x_wconf 88' lang='lat' dir='ltr'>archidiacono,</span> <span class='ocrx_word' id='word_1_59' title='bbox 1709 872 1827 951; x_wconf 88' lang='lat' dir='ltr'>quibus</span> 
     </span>
     <span class='ocr_line' id='line_1_7' title="bbox 180 969 1830 1051; baseline -0.002 -15"><span class='ocrx_word' id='word_1_60' title='bbox 180 973 409 1051; x_wconf 79' lang='lat' dir='ltr'>resurgentem</span> <span class='ocrx_word' id='word_1_61' title='bbox 440 987 460 1032; x_wconf 94' lang='lat' dir='ltr'>a</span> <span class='ocrx_word' id='word_1_62' title='bbox 489 970 629 1032; x_wconf 80' lang='lat' dir='ltr'>mortuis</span> <span class='ocrx_word' id='word_1_63' title='bbox 657 969 712 1031; x_wconf 90' lang='lat' dir='ltr'>die</span> <span class='ocrx_word' id='word_1_64' title='bbox 745 970 864 1041; x_wconf 89' lang='lat' dir='ltr'>tertia,</span> <span class='ocrx_word' id='word_1_65' title='bbox 897 984 977 1031; x_wconf 94' lang='lat' dir='ltr'>vera</span> <span class='ocrx_word' id='word_1_66' title='bbox 1031 970 1127 1047; x_wconf 86' lang='lat' dir='ltr'>quasi</span> <span class='ocrx_word' id='word_1_67' title='bbox 1138 971 1307 1046; x_wconf 85' lang='lat' dir='ltr'>magistris</span> <span class='ocrx_word' id='word_1_68' title='bbox 1320 971 1369 1033; x_wconf 90' lang='lat' dir='ltr'>uti</span> <span class='ocrx_word' id='word_1_69' title='bbox 1383 970 1525 1033; x_wconf 89' lang='lat' dir='ltr'>debetin</span> <span class='ocrx_word' id='word_1_70' title='bbox 1537 971 1606 1033; x_wconf 92' lang='lat' dir='ltr'>toto</span> <span class='ocrx_word' id='word_1_71' title='bbox 1620 971 1733 1033; x_wconf 83' lang='lat' dir='ltr'>officio</span> <span class='ocrx_word' id='word_1_72' title='bbox 1747 987 1830 1032; x_wconf 91' lang='lat' dir='ltr'>uno-</span> 
     </span>
     <span class='ocr_line' id='line_1_8' title="bbox 181 1066 1829 1145; baseline -0.001 -11"><span class='ocrx_word' id='word_1_73' title='bbox 181 1072 293 1134; x_wconf 91' lang='lat' dir='ltr'>carnis</span> <span class='ocrx_word' id='word_1_74' title='bbox 332 1069 593 1141; x_wconf 90' lang='lat' dir='ltr'>resurrectione,</span> <span class='ocrx_word' id='word_1_75' title='bbox 630 1067 685 1130; x_wconf 91' lang='lat' dir='ltr'>die</span> <span class='ocrx_word' id='word_1_76' title='bbox 724 1066 978 1145; x_wconf 87' lang='lat' dir='ltr'>quadragesimo</span> <span class='ocrx_word' id='word_1_77' title='bbox 1030 1068 1147 1145; x_wconf 77' lang='lat' dir='ltr'>tionis3</span> <span class='ocrx_word' id='word_1_78' title='bbox 1172 1069 1206 1131; x_wconf 88' lang='lat' dir='ltr'>et</span> <span class='ocrx_word' id='word_1_79' title='bbox 1225 1068 1368 1131; x_wconf 89' lang='lat' dir='ltr'>induunt</span> <span class='ocrx_word' id='word_1_80' title='bbox 1389 1084 1465 1130; x_wconf 90' lang='lat' dir='ltr'>eum</span> <span class='ocrx_word' id='word_1_81' title='bbox 1488 1068 1614 1131; x_wconf 87' lang='lat' dir='ltr'>amictu</span> <span class='ocrx_word' id='word_1_82' title='bbox 1638 1070 1673 1131; x_wconf 90' lang='lat' dir='ltr'>et</span> <span class='ocrx_word' id='word_1_83' title='bbox 1696 1068 1775 1131; x_wconf 83' lang='lat' dir='ltr'>alba</span> <span class='ocrx_word' id='word_1_84' title='bbox 1798 1072 1829 1132; x_wconf 91' lang='lat' dir='ltr'>et</span> 
     </span>
     <span class='ocr_line' id='line_1_9' title="bbox 181 1164 1828 1248; baseline 0 -19"><span class='ocrx_word' id='word_1_85' title='bbox 181 1170 255 1248; x_wconf 88' lang='lat' dir='ltr'>post</span> <span class='ocrx_word' id='word_1_86' title='bbox 268 1167 559 1238; x_wconf 81' lang='lat' dir='ltr'>resurrectionem,</span> <span class='ocrx_word' id='word_1_87' title='bbox 576 1181 651 1227; x_wconf 92' lang='lat' dir='ltr'>cum</span> <span class='ocrx_word' id='word_1_88' title='bbox 667 1180 767 1227; x_wconf 91' lang='lat' dir='ltr'>carne</span> <span class='ocrx_word' id='word_1_89' title='bbox 784 1180 848 1243; x_wconf 92' lang='lat' dir='ltr'>qua</span> <span class='ocrx_word' id='word_1_90' title='bbox 865 1179 980 1225; x_wconf 85' lang='lat' dir='ltr'>resur-</span> <span class='ocrx_word' id='word_1_91' title='bbox 1031 1165 1176 1242; x_wconf 86' lang='lat' dir='ltr'>cingulo,</span> <span class='ocrx_word' id='word_1_92' title='bbox 1197 1166 1231 1228; x_wconf 89' lang='lat' dir='ltr'>et</span> <span class='ocrx_word' id='word_1_93' title='bbox 1247 1165 1298 1227; x_wconf 90' lang='lat' dir='ltr'>sic</span> <span class='ocrx_word' id='word_1_94' title='bbox 1315 1164 1482 1228; x_wconf 89' lang='lat' dir='ltr'>deducunt</span> <span class='ocrx_word' id='word_1_95' title='bbox 1499 1166 1639 1233; x_wconf 88' lang='lat' dir='ltr'>eumad</span> <span class='ocrx_word' id='word_1_96' title='bbox 1658 1165 1828 1229; x_wconf 87' lang='lat' dir='ltr'>dominum</span> 
     </span>
     <span class='ocr_line' id='line_1_10' title="bbox 181 1263 1829 1341; baseline -0.002 -11"><span class='ocrx_word' id='word_1_97' title='bbox 181 1267 270 1330; x_wconf 82' lang='lat' dir='ltr'>rexit</span> <span class='ocrx_word' id='word_1_98' title='bbox 286 1268 320 1328; x_wconf 90' lang='lat' dir='ltr'>et</span> <span class='ocrx_word' id='word_1_99' title='bbox 337 1265 461 1337; x_wconf 88' lang='lat' dir='ltr'>anima,</span> <span class='ocrx_word' id='word_1_100' title='bbox 485 1263 674 1325; x_wconf 89' lang='lat' dir='ltr'>ascendisse</span> <span class='ocrx_word' id='word_1_101' title='bbox 693 1263 729 1324; x_wconf 93' lang='lat' dir='ltr'>in</span> <span class='ocrx_word' id='word_1_102' title='bbox 739 1263 858 1324; x_wconf 90' lang='lat' dir='ltr'>coelum</span> <span class='ocrx_word' id='word_1_103' title='bbox 873 1263 906 1323; x_wconf 89' lang='lat' dir='ltr'>et</span> <span class='ocrx_word' id='word_1_104' title='bbox 922 1276 978 1323; x_wconf 90' lang='lat' dir='ltr'>se·</span> <span class='ocrx_word' id='word_1_105' title='bbox 1032 1266 1156 1341; x_wconf 90' lang='lat' dir='ltr'>Papam</span> <span class='ocrx_word' id='word_1_106' title='bbox 1184 1263 1219 1325; x_wconf 90' lang='lat' dir='ltr'>in</span> <span class='ocrx_word' id='word_1_107' title='bbox 1244 1264 1481 1336; x_wconf 83' lang='lat' dir='ltr'>secretarium,</span> <span class='ocrx_word' id='word_1_108' title='bbox 1505 1263 1619 1341; x_wconf 83' lang='lat' dir='ltr'>ibique</span> <span class='ocrx_word' id='word_1_109' title='bbox 1648 1263 1731 1326; x_wconf 80' lang='lat' dir='ltr'>lacit</span> <span class='ocrx_word' id='word_1_110' title='bbox 1755 1280 1829 1327; x_wconf 88' lang='lat' dir='ltr'>eum</span> 
     </span>
     <span class='ocr_line' id='line_1_11' title="bbox 181 1357 1830 1437; baseline -0.002 -10"><span class='ocrx_word' id='word_1_111' title='bbox 181 1367 260 1428; x_wconf 92' lang='lat' dir='ltr'>dere</span> <span class='ocrx_word' id='word_1_112' title='bbox 275 1362 316 1425; x_wconf 91' lang='lat' dir='ltr'>ad</span> <span class='ocrx_word' id='word_1_113' title='bbox 332 1363 502 1424; x_wconf 81' lang='lat' dir='ltr'>dexteram</span> <span class='ocrx_word' id='word_1_114' title='bbox 515 1362 575 1423; x_wconf 89' lang='lat' dir='ltr'>Dei</span> <span class='ocrx_word' id='word_1_115' title='bbox 588 1361 710 1433; x_wconf 90' lang='lat' dir='ltr'>Patris,</span> <span class='ocrx_word' id='word_1_116' title='bbox 721 1359 809 1421; x_wconf 91' lang='lat' dir='ltr'>unde</span> <span class='ocrx_word' id='word_1_117' title='bbox 820 1359 978 1421; x_wconf 88' lang='lat' dir='ltr'>venturus</span> <span class='ocrx_word' id='word_1_118' title='bbox 1032 1360 1188 1423; x_wconf 86' lang='lat' dir='ltr'>clericum</span> <span class='ocrx_word' id='word_1_119' title='bbox 1202 1357 1257 1437; x_wconf 82' lang='lat'>(1),</span> <span class='ocrx_word' id='word_1_120' title='bbox 1274 1362 1307 1424; x_wconf 88' lang='lat' dir='ltr'>et</span> <span class='ocrx_word' id='word_1_121' title='bbox 1321 1361 1472 1425; x_wconf 88' lang='lat' dir='ltr'>concedit</span> <span class='ocrx_word' id='word_1_122' title='bbox 1487 1361 1519 1423; x_wconf 94' lang='lat' dir='ltr'>el</span> <span class='ocrx_word' id='word_1_123' title='bbox 1534 1361 1694 1435; x_wconf 91' lang='lat' dir='ltr'>tunicam,</span> <span class='ocrx_word' id='word_1_124' title='bbox 1711 1361 1747 1424; x_wconf 89' lang='lat' dir='ltr'>et</span> <span class='ocrx_word' id='word_1_125' title='bbox 1760 1362 1830 1423; x_wconf 87' lang='lat' dir='ltr'>dal-</span> 
     </span>
     <span class='ocr_line' id='line_1_12' title="bbox 182 1456 1827 1540; baseline -0.003 -16"><span class='ocrx_word' id='word_1_126' title='bbox 182 1464 233 1525; x_wconf 89' lang='lat' dir='ltr'>est</span> <span class='ocrx_word' id='word_1_127' title='bbox 255 1461 409 1540; x_wconf 89' lang='lat' dir='ltr'>judicare</span> <span class='ocrx_word' id='word_1_128' title='bbox 431 1460 525 1521; x_wconf 89' lang='lat' dir='ltr'>vivos</span> <span class='ocrx_word' id='word_1_129' title='bbox 545 1458 578 1520; x_wconf 88' lang='lat' dir='ltr'>et</span> <span class='ocrx_word' id='word_1_130' title='bbox 601 1458 764 1531; x_wconf 89' lang='lat' dir='ltr'>mortuos,</span> <span class='ocrx_word' id='word_1_131' title='bbox 790 1458 823 1519; x_wconf 91' lang='lat' dir='ltr'>et</span> <span class='ocrx_word' id='word_1_132' title='bbox 840 1456 979 1520; x_wconf 87' lang='lat' dir='ltr'>reddere</span> <span class='ocrx_word' id='word_1_133' title='bbox 1032 1459 1183 1531; x_wconf 88' lang='lat' dir='ltr'>matiam,</span> <span class='ocrx_word' id='word_1_134' title='bbox 1204 1460 1237 1521; x_wconf 92' lang='lat' dir='ltr'>et</span> <span class='ocrx_word' id='word_1_135' title='bbox 1252 1459 1443 1537; x_wconf 81' lang='lat' dir='ltr'>pluvialem,</span> <span class='ocrx_word' id='word_1_136' title='bbox 1465 1459 1499 1522; x_wconf 91' lang='lat' dir='ltr'>et</span> <span class='ocrx_word' id='word_1_137' title='bbox 1515 1459 1665 1532; x_wconf 86' lang='lat' dir='ltr'>mitram,</span> <span class='ocrx_word' id='word_1_138' title='bbox 1690 1459 1827 1535; x_wconf 85' lang='lat' dir='ltr'>caligas,</span> 
     </span>
     <span class='ocr_line' id='line_1_13' title="bbox 182 1552 1830 1636; baseline -0.002 -15"><span class='ocrx_word' id='word_1_139' title='bbox 182 1559 362 1636; x_wconf 91' lang='lat' dir='ltr'>unicuique</span> <span class='ocrx_word' id='word_1_140' title='bbox 386 1556 567 1619; x_wconf 90' lang='lat' dir='ltr'>secundum</span> <span class='ocrx_word' id='word_1_141' title='bbox 586 1571 688 1633; x_wconf 89' lang='lat' dir='ltr'>opera</span> <span class='ocrx_word' id='word_1_142' title='bbox 709 1570 782 1628; x_wconf 90' lang='lat' dir='ltr'>sua,</span> <span class='ocrx_word' id='word_1_143' title='bbox 802 1555 874 1617; x_wconf 92' lang='lat' dir='ltr'>sive</span> <span class='ocrx_word' id='word_1_144' title='bbox 892 1553 980 1616; x_wconf 91' lang='lat' dir='ltr'>bona</span> <span class='ocrx_word' id='word_1_145' title='bbox 1032 1557 1066 1619; x_wconf 90' lang='lat' dir='ltr'>et</span> <span class='ocrx_word' id='word_1_146' title='bbox 1088 1556 1255 1629; x_wconf 88' lang='lat' dir='ltr'>sandalia,</span> <span class='ocrx_word' id='word_1_147' title='bbox 1278 1552 1534 1634; x_wconf 76' lang='lat' dir='ltr'>quiescatur</span> <span class='ocrx_word' id='word_1_148' title='bbox 1558 1555 1594 1617; x_wconf 90' lang='lat' dir='ltr'>in</span> <span class='ocrx_word' id='word_1_149' title='bbox 1615 1557 1830 1619; x_wconf 75' lang='lat' dir='ltr'>coronatione</span> 
     </span>
     <span class='ocr_line' id='line_1_14' title="bbox 182 1653 1832 1728; baseline -0.002 -9"><span class='ocrx_word' id='word_1_150' title='bbox 182 1657 306 1719; x_wconf 84' lang='lat' dir='ltr'>luerint</span> <span class='ocrx_word' id='word_1_151' title='bbox 327 1656 398 1717; x_wconf 88' lang='lat' dir='ltr'>sive</span> <span class='ocrx_word' id='word_1_152' title='bbox 421 1654 533 1716; x_wconf 80' lang='lat' dir='ltr'>malai</span> <span class='ocrx_word' id='word_1_153' title='bbox 1032 1669 1106 1728; x_wconf 85' lang='lat' dir='ltr'>sua,</span> <span class='ocrx_word' id='word_1_154' title='bbox 1128 1654 1163 1716; x_wconf 90' lang='lat' dir='ltr'>et</span> <span class='ocrx_word' id='word_1_155' title='bbox 1180 1654 1229 1715; x_wconf 92' lang='lat' dir='ltr'>sic</span> <span class='ocrx_word' id='word_1_156' title='bbox 1245 1654 1381 1716; x_wconf 90' lang='lat' dir='ltr'>indutus</span> <span class='ocrx_word' id='word_1_157' title='bbox 1399 1655 1467 1716; x_wconf 87' lang='lat' dir='ltr'>stat</span> <span class='ocrx_word' id='word_1_158' title='bbox 1486 1654 1565 1716; x_wconf 91' lang='lat' dir='ltr'>ante</span> <span class='ocrx_word' id='word_1_159' title='bbox 1582 1653 1757 1715; x_wconf 90' lang='lat' dir='ltr'>dominum</span> <span class='ocrx_word' id='word_1_160' title='bbox 1774 1657 1832 1716; x_wconf 86' lang='lat' dir='ltr'>Pa·</span> 
     </span>
     <span class='ocr_line' id='line_1_15' title="bbox 222 1749 1831 1830; baseline -0.002 -13"><span class='ocrx_word' id='word_1_161' title='bbox 222 1758 261 1817; x_wconf 86' lang='lat' dir='ltr'>R.</span> <span class='ocrx_word' id='word_1_162' title='bbox 284 1752 449 1823; x_wconf 81' lang='lat' dir='ltr'>Assertio,</span> <span class='ocrx_word' id='word_1_163' title='bbox 466 1752 500 1812; x_wconf 91' lang='lat' dir='ltr'>et</span> <span class='ocrx_word' id='word_1_164' title='bbox 513 1766 573 1829; x_wconf 92' lang='lat' dir='ltr'>per</span> <span class='ocrx_word' id='word_1_165' title='bbox 586 1751 699 1812; x_wconf 90' lang='lat' dir='ltr'>omnia</span> <span class='ocrx_word' id='word_1_166' title='bbox 714 1749 824 1812; x_wconf 87' lang='lat' dir='ltr'>oredo.</span> <span class='ocrx_word' id='word_1_167' title='bbox 1033 1768 1119 1830; x_wconf 87' lang='lat' dir='ltr'>pam.</span> <span class='ocrx_word' id='word_1_168' title='bbox 1131 1753 1255 1815; x_wconf 84' lang='lat' dir='ltr'>Verum</span> <span class='ocrx_word' id='word_1_169' title='bbox 1265 1751 1427 1830; x_wconf 91' lang='lat' dir='ltr'>completo</span> <span class='ocrx_word' id='word_1_170' title='bbox 1437 1752 1610 1823; x_wconf 85' lang='lat' dir='ltr'>scrutinio,</span> <span class='ocrx_word' id='word_1_171' title='bbox 1621 1752 1693 1814; x_wconf 87' lang='lat' dir='ltr'>exit</span> <span class='ocrx_word' id='word_1_172' title='bbox 1705 1752 1831 1813; x_wconf 83' lang='lat' dir='ltr'>Ostien-</span> 
     </span>
     <span class='ocr_line' id='line_1_16' title="bbox 222 1847 1831 1928; baseline -0.002 -13"><span class='ocrx_word' id='word_1_173' title='bbox 222 1852 285 1915; x_wconf 88' lang='lat' dir='ltr'>Int.</span> <span class='ocrx_word' id='word_1_174' title='bbox 308 1850 422 1913; x_wconf 84' lang='lat' dir='ltr'>credis</span> <span class='ocrx_word' id='word_1_175' title='bbox 441 1849 542 1911; x_wconf 87' lang='lat' dir='ltr'>etiam</span> <span class='ocrx_word' id='word_1_176' title='bbox 562 1848 722 1926; x_wconf 89' lang='lat' dir='ltr'>Spiritum</span> <span class='ocrx_word' id='word_1_177' title='bbox 740 1849 892 1910; x_wconf 85' lang='lat' dir='ltr'>sanctum</span> <span class='ocrx_word' id='word_1_178' title='bbox 908 1847 981 1925; x_wconf 91' lang='lat' dir='ltr'>ple-</span> <span class='ocrx_word' id='word_1_179' title='bbox 1032 1850 1081 1912; x_wconf 85' lang='lat' dir='ltr'>sis</span> <span class='ocrx_word' id='word_1_180' title='bbox 1108 1850 1282 1928; x_wconf 88' lang='lat' dir='ltr'>episcopus</span> <span class='ocrx_word' id='word_1_181' title='bbox 1310 1849 1352 1911; x_wconf 93' lang='lat' dir='ltr'>ad</span> <span class='ocrx_word' id='word_1_182' title='bbox 1378 1850 1508 1927; x_wconf 87' lang='lat' dir='ltr'>portam</span> <span class='ocrx_word' id='word_1_183' title='bbox 1533 1850 1748 1926; x_wconf 63' lang='lat' dir='ltr'>argenteam</span> <span class='ocrx_word' id='word_1_184' title='bbox 1776 1849 1831 1911; x_wconf 89' lang='lat' dir='ltr'>ubi</span> 
     </span>
    </p>
   </div>
   <div class='ocr_carea' id='block_1_3' title="bbox 183 1932 1952 2026">
    <p class='ocr_par' dir='ltr' id='par_1_3' title="bbox 183 1932 1952 2026">
     <span class='ocr_line' id='line_1_17' title="bbox 183 1932 1952 2026; baseline -0.002 -14"><span class='ocrx_word' id='word_1_185' title='bbox 183 1967 263 2012; x_wconf 92' lang='lat' dir='ltr'>num</span> <span class='ocrx_word' id='word_1_186' title='bbox 278 1949 311 2011; x_wconf 90' lang='lat' dir='ltr'>et</span> <span class='ocrx_word' id='word_1_187' title='bbox 324 1947 506 2026; x_wconf 87' lang='lat' dir='ltr'>perlectum</span> <span class='ocrx_word' id='word_1_188' title='bbox 520 1961 703 2024; x_wconf 90' lang='lat' dir='ltr'>verumque</span> <span class='ocrx_word' id='word_1_189' title='bbox 712 1948 816 2007; x_wconf 88' lang='lat' dir='ltr'>Deum</span> <span class='ocrx_word' id='word_1_190' title='bbox 828 1961 872 2007; x_wconf 87' lang='lat' dir='ltr'>ex</span> <span class='ocrx_word' id='word_1_191' title='bbox 881 1945 981 2007; x_wconf 88' lang='lat' dir='ltr'>Patre</span> <span class='ocrx_word' id='word_1_192' title='bbox 1034 1948 1161 2024; x_wconf 84' lang='lat' dir='ltr'>Regina</span> <span class='ocrx_word' id='word_1_193' title='bbox 1189 1962 1264 2010; x_wconf 91' lang='lat' dir='ltr'>cum</span> <span class='ocrx_word' id='word_1_194' title='bbox 1289 1947 1460 2026; x_wconf 86' lang='lat' dir='ltr'>judicibus</span> <span class='ocrx_word' id='word_1_195' title='bbox 1491 1948 1524 2009; x_wconf 91' lang='lat' dir='ltr'>et</span> <span class='ocrx_word' id='word_1_196' title='bbox 1552 1945 1736 2008; x_wconf 84' lang='lat' dir='ltr'>baronibus</span> <span class='ocrx_word' id='word_1_197' title='bbox 1762 1947 1831 2009; x_wconf 88' lang='lat' dir='ltr'>suis</span> <span class='ocrx_word' id='word_1_198' title='bbox 1951 1932 1952 1939; x_wconf 51' lang='lat'><em>&#39;</em></span> 
     </span>
    </p>
   </div>
   <div class='ocr_carea' id='block_1_4' title="bbox 182 2042 1831 2322">
    <p class='ocr_par' dir='ltr' id='par_1_4' title="bbox 182 2042 1831 2322">
     <span class='ocr_line' id='line_1_18' title="bbox 183 2042 1831 2124; baseline -0.003 -13"><span class='ocrx_word' id='word_1_199' title='bbox 183 2048 216 2111; x_wconf 92' lang='lat' dir='ltr'>et</span> <span class='ocrx_word' id='word_1_200' title='bbox 237 2046 322 2109; x_wconf 83' lang='lat' dir='ltr'>Filio</span> <span class='ocrx_word' id='word_1_201' title='bbox 343 2044 587 2123; x_wconf 88' lang='lat' dir='ltr'>procedentem,</span> <span class='ocrx_word' id='word_1_202' title='bbox 604 2042 806 2121; x_wconf 87' lang='lat' dir='ltr'>coaequalem</span> <span class='ocrx_word' id='word_1_203' title='bbox 825 2042 859 2105; x_wconf 91' lang='lat' dir='ltr'>et</span> <span class='ocrx_word' id='word_1_204' title='bbox 876 2057 983 2104; x_wconf 73' lang='lat' dir='ltr'>cosae·</span> <span class='ocrx_word' id='word_1_205' title='bbox 1033 2046 1254 2124; x_wconf 89' lang='lat' dir='ltr'>praestolatur,</span> <span class='ocrx_word' id='word_1_206' title='bbox 1281 2046 1317 2108; x_wconf 91' lang='lat' dir='ltr'>et</span> <span class='ocrx_word' id='word_1_207' title='bbox 1347 2045 1502 2108; x_wconf 89' lang='lat' dir='ltr'>decantat</span> <span class='ocrx_word' id='word_1_208' title='bbox 1522 2060 1623 2122; x_wconf 85' lang='lat' dir='ltr'>super</span> <span class='ocrx_word' id='word_1_209' title='bbox 1648 2060 1724 2108; x_wconf 87' lang='lat' dir='ltr'>eam</span> <span class='ocrx_word' id='word_1_210' title='bbox 1745 2044 1831 2107; x_wconf 90' lang='lat' dir='ltr'>banc</span> 
     </span>
     <span class='ocr_line' id='line_1_19' title="bbox 182 2139 1243 2218; baseline -0.008 -9"><span class='ocrx_word' id='word_1_211' title='bbox 182 2144 357 2209; x_wconf 86' lang='lat' dir='ltr'>sentialem</span> <span class='ocrx_word' id='word_1_212' title='bbox 372 2142 405 2205; x_wconf 92' lang='lat' dir='ltr'>et</span> <span class='ocrx_word' id='word_1_213' title='bbox 419 2141 718 2218; x_wconf 87' lang='lat' dir='ltr'>coomnipotentem</span> <span class='ocrx_word' id='word_1_214' title='bbox 732 2141 766 2204; x_wconf 93' lang='lat' dir='ltr'>et</span> <span class='ocrx_word' id='word_1_215' title='bbox 779 2139 980 2204; x_wconf 87' lang='lat' dir='ltr'>coaeternum</span> <span class='ocrx_word' id='word_1_216' title='bbox 1033 2144 1218 2206; x_wconf 88' lang='lat' dir='ltr'>orationem</span> <span class='ocrx_word' id='word_1_217' title='bbox 1235 2159 1243 2200; x_wconf 73' lang='grc' dir='ltr'><strong><em>ε</em></strong></span> 
     </span>
     <span class='ocr_line' id='line_1_20' title="bbox 182 2238 1831 2322; baseline -0.001 -16"><span class='ocrx_word' id='word_1_218' title='bbox 182 2259 243 2322; x_wconf 89' lang='lat' dir='ltr'>per</span> <span class='ocrx_word' id='word_1_219' title='bbox 254 2241 366 2305; x_wconf 86' lang='lat' dir='ltr'>omnia</span> <span class='ocrx_word' id='word_1_220' title='bbox 381 2240 474 2302; x_wconf 90' lang='lat' dir='ltr'>Patri</span> <span class='ocrx_word' id='word_1_221' title='bbox 490 2240 524 2302; x_wconf 86' lang='lat' dir='ltr'>et</span> <span class='ocrx_word' id='word_1_222' title='bbox 536 2238 641 2302; x_wconf 84' lang='lat' dir='ltr'>Filiot</span> <span class='ocrx_word' id='word_1_223' title='bbox 1073 2259 1092 2303; x_wconf 73' lang='lat' dir='ltr'>e</span> <span class='ocrx_word' id='word_1_224' title='bbox 1107 2241 1321 2321; x_wconf 88' lang='lat' dir='ltr'>Omnipotens</span> <span class='ocrx_word' id='word_1_225' title='bbox 1335 2242 1470 2304; x_wconf 71' lang='lat' dir='ltr'>aeternae</span> <span class='ocrx_word' id='word_1_226' title='bbox 1484 2242 1574 2303; x_wconf 87' lang='lat' dir='ltr'>Deus</span> <span class='ocrx_word' id='word_1_227' title='bbox 1586 2239 1662 2303; x_wconf 86' lang='lat' dir='ltr'>lons</span> <span class='ocrx_word' id='word_1_228' title='bbox 1681 2243 1717 2304; x_wconf 93' lang='lat' dir='ltr'>et</span> <span class='ocrx_word' id='word_1_229' title='bbox 1739 2241 1831 2317; x_wconf 86' lang='lat' dir='ltr'>origo</span> 
     </span>
    </p>
   </div>
   <div class='ocr_carea' id='block_1_5' title="bbox 223 2337 1833 2513">
    <p class='ocr_par' dir='ltr' id='par_1_5' title="bbox 223 2337 1833 2513">
     <span class='ocr_line' id='line_1_21' title="bbox 223 2337 1831 2418; baseline 0 -16"><span class='ocrx_word' id='word_1_230' title='bbox 223 2343 263 2402; x_wconf 90' lang='lat' dir='ltr'>R.</span> <span class='ocrx_word' id='word_1_231' title='bbox 285 2338 402 2401; x_wconf 78' lang='lat' dir='ltr'>Credo.</span> <span class='ocrx_word' id='word_1_232' title='bbox 1032 2339 1206 2413; x_wconf 86' lang='lat' dir='ltr'>bonitatis,</span> <span class='ocrx_word' id='word_1_233' title='bbox 1233 2338 1291 2418; x_wconf 91' lang='lat' dir='ltr'>qul</span> <span class='ocrx_word' id='word_1_234' title='bbox 1318 2338 1454 2401; x_wconf 76' lang='lat' dir='ltr'>feminei</span> <span class='ocrx_word' id='word_1_235' title='bbox 1483 2353 1587 2401; x_wconf 82' lang='lat' dir='ltr'>sexus</span> <span class='ocrx_word' id='word_1_236' title='bbox 1615 2337 1831 2415; x_wconf 73' lang='lat' dir='ltr'>bagiummn</span> 
     </span>
     <span class='ocr_line' id='line_1_22' title="bbox 223 2432 1833 2513; baseline -0.002 -13"><span class='ocrx_word' id='word_1_237' title='bbox 223 2439 285 2500; x_wconf 87' lang='lat' dir='ltr'>Int.</span> <span class='ocrx_word' id='word_1_238' title='bbox 308 2435 423 2498; x_wconf 81' lang='lat' dir='ltr'>Credis</span> <span class='ocrx_word' id='word_1_239' title='bbox 435 2435 682 2497; x_wconf 88' lang='lat' dir='ltr'>hancsanctam</span> <span class='ocrx_word' id='word_1_240' title='bbox 692 2432 899 2505; x_wconf 80' lang='lat' dir='ltr'>Trinitatem,</span> <span class='ocrx_word' id='word_1_241' title='bbox 913 2447 981 2495; x_wconf 93' lang='lat' dir='ltr'>non</span> <span class='ocrx_word' id='word_1_242' title='bbox 1034 2449 1242 2513; x_wconf 89' lang='lat' dir='ltr'>nequaquam</span> <span class='ocrx_word' id='word_1_243' title='bbox 1253 2433 1463 2512; x_wconf 87' lang='lat' dir='ltr'>reprobando</span> <span class='ocrx_word' id='word_1_244' title='bbox 1472 2433 1608 2507; x_wconf 88' lang='lat' dir='ltr'>avertis,</span> <span class='ocrx_word' id='word_1_245' title='bbox 1624 2434 1682 2496; x_wconf 89' lang='lat' dir='ltr'>sed</span> <span class='ocrx_word' id='word_1_246' title='bbox 1695 2433 1833 2511; x_wconf 78' lang='lat' dir='ltr'>dignun</span> 
     </span>
    </p>
   </div>
   <div class='ocr_carea' id='block_1_6' title="bbox 182 2530 1833 3392">
    <p class='ocr_par' dir='ltr' id='par_1_6' title="bbox 182 2530 1833 3392">
     <span class='ocr_line' id='line_1_23' title="bbox 182 2530 1832 2611; baseline -0.002 -13"><span class='ocrx_word' id='word_1_247' title='bbox 182 2537 251 2599; x_wconf 89' lang='lat' dir='ltr'>tres</span> <span class='ocrx_word' id='word_1_248' title='bbox 266 2538 363 2605; x_wconf 88' lang='lat' dir='ltr'>Deos,</span> <span class='ocrx_word' id='word_1_249' title='bbox 383 2532 442 2595; x_wconf 91' lang='lat' dir='ltr'>sed</span> <span class='ocrx_word' id='word_1_250' title='bbox 461 2547 564 2593; x_wconf 91' lang='lat' dir='ltr'>unum</span> <span class='ocrx_word' id='word_1_251' title='bbox 585 2533 689 2593; x_wconf 89' lang='lat' dir='ltr'>Deum</span> <span class='ocrx_word' id='word_1_252' title='bbox 710 2531 978 2608; x_wconf 90' lang='lat' dir='ltr'>omnipotentem,</span> <span class='ocrx_word' id='word_1_253' title='bbox 1033 2535 1086 2596; x_wconf 87' lang='lat' dir='ltr'>ter</span> <span class='ocrx_word' id='word_1_254' title='bbox 1105 2531 1349 2610; x_wconf 90' lang='lat' dir='ltr'>comprobando</span> <span class='ocrx_word' id='word_1_255' title='bbox 1373 2531 1483 2609; x_wconf 90' lang='lat' dir='ltr'>potius</span> <span class='ocrx_word' id='word_1_256' title='bbox 1505 2530 1622 2608; x_wconf 80' lang='lat' dir='ltr'>eligis3</span> <span class='ocrx_word' id='word_1_257' title='bbox 1646 2530 1681 2594; x_wconf 90' lang='lat' dir='ltr'>et</span> <span class='ocrx_word' id='word_1_258' title='bbox 1705 2532 1766 2611; x_wconf 86' lang='lat' dir='ltr'>qui</span> <span class='ocrx_word' id='word_1_259' title='bbox 1785 2533 1832 2594; x_wconf 88' lang='lat' dir='ltr'>in·</span> 
     </span>
     <span class='ocr_line' id='line_1_24' title="bbox 183 2627 1833 2707; baseline -0.003 -11"><span class='ocrx_word' id='word_1_260' title='bbox 183 2635 355 2703; x_wconf 84' lang='lat' dir='ltr'>aeternum,</span> <span class='ocrx_word' id='word_1_261' title='bbox 371 2629 586 2702; x_wconf 88' lang='lat' dir='ltr'>invisibilem,</span> <span class='ocrx_word' id='word_1_262' title='bbox 608 2630 642 2691; x_wconf 91' lang='lat' dir='ltr'>et</span> <span class='ocrx_word' id='word_1_263' title='bbox 654 2627 982 2691; x_wconf 73' lang='lat' dir='ltr'>incommutabilem?</span> <span class='ocrx_word' id='word_1_264' title='bbox 1034 2631 1130 2693; x_wconf 87' lang='lat' dir='ltr'>firma</span> <span class='ocrx_word' id='word_1_265' title='bbox 1149 2630 1263 2693; x_wconf 92' lang='lat' dir='ltr'>mundi</span> <span class='ocrx_word' id='word_1_266' title='bbox 1282 2628 1447 2706; x_wconf 85' lang='lat' dir='ltr'>eligendo,</span> <span class='ocrx_word' id='word_1_267' title='bbox 1468 2643 1608 2707; x_wconf 77' lang='lat' dir='ltr'>queque</span> <span class='ocrx_word' id='word_1_268' title='bbox 1626 2628 1729 2693; x_wconf 79' lang='lat' dir='ltr'>sortia</span> <span class='ocrx_word' id='word_1_269' title='bbox 1753 2644 1833 2693; x_wconf 88' lang='lat' dir='ltr'>con·</span> 
     </span>
     <span class='ocr_line' id='line_1_25' title="bbox 225 2726 1833 2806; baseline -0.003 -12"><span class='ocrx_word' id='word_1_270' title='bbox 225 2732 265 2794; x_wconf 88' lang='lat' dir='ltr'>R.</span> <span class='ocrx_word' id='word_1_271' title='bbox 288 2727 405 2792; x_wconf 84' lang='lat' dir='ltr'>credo.</span> <span class='ocrx_word' id='word_1_272' title='bbox 1034 2729 1172 2792; x_wconf 82' lang='lat' dir='ltr'>tundere</span> <span class='ocrx_word' id='word_1_273' title='bbox 1193 2727 1385 2803; x_wconf 80' lang='lat' dir='ltr'>decrevisti3</span> <span class='ocrx_word' id='word_1_274' title='bbox 1412 2726 1536 2806; x_wconf 88' lang='lat' dir='ltr'>quique</span> <span class='ocrx_word' id='word_1_275' title='bbox 1559 2727 1695 2789; x_wconf 73' lang='lat' dir='ltr'>aterne</span> <span class='ocrx_word' id='word_1_276' title='bbox 1716 2727 1833 2804; x_wconf 83' lang='lat' dir='ltr'>gloria</span> 
     </span>
     <span class='ocr_line' id='line_1_26' title="bbox 224 2819 1833 2905; baseline -0.001 -16"><span class='ocrx_word' id='word_1_277' title='bbox 224 2828 287 2889; x_wconf 90' lang='lat' dir='ltr'>Int.</span> <span class='ocrx_word' id='word_1_278' title='bbox 310 2823 425 2887; x_wconf 84' lang='lat' dir='ltr'>Credis</span> <span class='ocrx_word' id='word_1_279' title='bbox 446 2823 595 2885; x_wconf 90' lang='lat' dir='ltr'>sanctam</span> <span class='ocrx_word' id='word_1_280' title='bbox 614 2819 823 2885; x_wconf 69' lang='lat' dir='ltr'>catholicam*</span> <span class='ocrx_word' id='word_1_281' title='bbox 832 2822 865 2886; x_wconf 93' lang='lat' dir='ltr'>et</span> <span class='ocrx_word' id='word_1_282' title='bbox 883 2837 983 2901; x_wconf 89' lang='lat' dir='ltr'>apos-</span> <span class='ocrx_word' id='word_1_283' title='bbox 1033 2827 1232 2905; x_wconf 87' lang='lat' dir='ltr'>virtutisque</span> <span class='ocrx_word' id='word_1_284' title='bbox 1245 2825 1313 2888; x_wconf 78' lang='lat' dir='ltr'>ms</span> <span class='ocrx_word' id='word_1_285' title='bbox 1330 2824 1538 2902; x_wconf 86' lang='lat' dir='ltr'>triumphum</span> <span class='ocrx_word' id='word_1_286' title='bbox 1551 2825 1587 2886; x_wconf 92' lang='lat' dir='ltr'>in</span> <span class='ocrx_word' id='word_1_287' title='bbox 1601 2838 1704 2886; x_wconf 88' lang='lat' dir='ltr'>manu</span> <span class='ocrx_word' id='word_1_288' title='bbox 1718 2826 1738 2889; x_wconf 83' lang='lat' dir='ltr'><strong>J</strong></span> <span class='ocrx_word' id='word_1_289' title='bbox 1740 2824 1833 2888; x_wconf 88' lang='lat' dir='ltr'>nditb</span> 
     </span>
     <span class='ocr_line' id='line_1_27' title="bbox 183 2919 1833 3000; baseline -0.003 -14"><span class='ocrx_word' id='word_1_290' title='bbox 183 2924 318 2988; x_wconf 90' lang='lat' dir='ltr'>tolicam</span> <span class='ocrx_word' id='word_1_291' title='bbox 333 2936 434 2983; x_wconf 87' lang='lat' dir='ltr'>unam</span> <span class='ocrx_word' id='word_1_292' title='bbox 448 2935 645 2983; x_wconf 87' lang='lat' dir='ltr'>asseverem</span> <span class='ocrx_word' id='word_1_293' title='bbox 657 2919 850 2992; x_wconf 86' lang='lat' dir='ltr'>Ecclesiam,</span> <span class='ocrx_word' id='word_1_294' title='bbox 866 2920 903 2981; x_wconf 92' lang='lat' dir='ltr'>in</span> <span class='ocrx_word' id='word_1_295' title='bbox 916 2935 982 2999; x_wconf 91' lang='lat' dir='ltr'>qua</span> <span class='ocrx_word' id='word_1_296' title='bbox 1023 2919 1178 2999; x_wconf 70' lang='lat' dir='ltr'>temnas,</span> <span class='ocrx_word' id='word_1_297' title='bbox 1197 2922 1345 2988; x_wconf 84' lang='lat' dir='ltr'>Judaicae</span> <span class='ocrx_word' id='word_1_298' title='bbox 1364 2920 1453 3000; x_wconf 87' lang='lat' dir='ltr'>plebi</span> <span class='ocrx_word' id='word_1_299' title='bbox 1475 2922 1515 2984; x_wconf 92' lang='lat' dir='ltr'>de</span> <span class='ocrx_word' id='word_1_300' title='bbox 1534 2920 1631 2985; x_wconf 89' lang='lat' dir='ltr'>boste</span> <span class='ocrx_word' id='word_1_301' title='bbox 1646 2923 1833 2985; x_wconf 82' lang='lat' dir='ltr'>saevissimo</span> 
     </span>
     <span class='ocr_line' id='line_1_28' title="bbox 185 3016 1833 3100; baseline -0.004 -15"><span class='ocrx_word' id='word_1_302' title='bbox 185 3036 287 3085; x_wconf 89' lang='lat' dir='ltr'>unum</span> <span class='ocrx_word' id='word_1_303' title='bbox 306 3019 405 3082; x_wconf 88' lang='lat' dir='ltr'>datur</span> <span class='ocrx_word' id='word_1_304' title='bbox 424 3018 589 3096; x_wconf 88' lang='lat' dir='ltr'>baptisma</span> <span class='ocrx_word' id='word_1_305' title='bbox 608 3019 642 3081; x_wconf 91' lang='lat' dir='ltr'>et</span> <span class='ocrx_word' id='word_1_306' title='bbox 658 3032 739 3081; x_wconf 90' lang='lat' dir='ltr'>vera</span> <span class='ocrx_word' id='word_1_307' title='bbox 760 3016 908 3080; x_wconf 91' lang='lat' dir='ltr'>omnium</span> <span class='ocrx_word' id='word_1_308' title='bbox 926 3032 983 3079; x_wconf 91' lang='lat' dir='ltr'>re-</span> <span class='ocrx_word' id='word_1_309' title='bbox 1033 3023 1207 3100; x_wconf 76' lang='lat' dir='ltr'>resignare</span> <span class='ocrx_word' id='word_1_310' title='bbox 1230 3019 1382 3094; x_wconf 86' lang='lat' dir='ltr'>voluisti,</span> <span class='ocrx_word' id='word_1_311' title='bbox 1413 3019 1543 3098; x_wconf 83' lang='lat' dir='ltr'>respice</span> <span class='ocrx_word' id='word_1_312' title='bbox 1571 3034 1767 3098; x_wconf 77' lang='lat' dir='ltr'>quaesumus</span> <span class='ocrx_word' id='word_1_313' title='bbox 1792 3019 1833 3082; x_wconf 86' lang='lat' dir='ltr'>ad</span> 
     </span>
     <span class='ocr_line' id='line_1_29' title="bbox 185 3117 1833 3202; baseline -0.002 -20"><span class='ocrx_word' id='word_1_314' title='bbox 185 3120 300 3183; x_wconf 91' lang='lat' dir='ltr'>missio</span> <span class='ocrx_word' id='word_1_315' title='bbox 315 3117 547 3196; x_wconf 84' lang='lat' dir='ltr'>peccatorumt</span> <span class='ocrx_word' id='word_1_316' title='bbox 1035 3135 1150 3202; x_wconf 89' lang='lat' dir='ltr'>preces</span> <span class='ocrx_word' id='word_1_317' title='bbox 1173 3118 1372 3181; x_wconf 86' lang='lat' dir='ltr'>humilitatis</span> <span class='ocrx_word' id='word_1_318' title='bbox 1394 3118 1535 3190; x_wconf 76' lang='lat' dir='ltr'>nostra,</span> <span class='ocrx_word' id='word_1_319' title='bbox 1563 3118 1597 3180; x_wconf 92' lang='lat' dir='ltr'>et</span> <span class='ocrx_word' id='word_1_320' title='bbox 1620 3132 1723 3196; x_wconf 89' lang='lat' dir='ltr'>super</span> <span class='ocrx_word' id='word_1_321' title='bbox 1746 3117 1833 3180; x_wconf 89' lang='lat' dir='ltr'>banc</span> 
     </span>
     <span class='ocr_line' id='line_1_30' title="bbox 226 3214 1833 3294; baseline -0.002 -14"><span class='ocrx_word' id='word_1_322' title='bbox 226 3219 265 3280; x_wconf 81' lang='lat' dir='ltr'>R.</span> <span class='ocrx_word' id='word_1_323' title='bbox 286 3215 402 3278; x_wconf 84' lang='lat' dir='ltr'>Credo.</span> <span class='ocrx_word' id='word_1_324' title='bbox 1035 3219 1194 3282; x_wconf 79' lang='lat' dir='ltr'>famulam</span> <span class='ocrx_word' id='word_1_325' title='bbox 1206 3217 1365 3281; x_wconf 77' lang='lat' dir='ltr'>tuamn·</span> <span class='ocrx_word' id='word_1_326' title='bbox 1381 3231 1481 3293; x_wconf 90' lang='lat' dir='ltr'>quam</span> <span class='ocrx_word' id='word_1_327' title='bbox 1497 3214 1641 3294; x_wconf 88' lang='lat' dir='ltr'>supplici</span> <span class='ocrx_word' id='word_1_328' title='bbox 1658 3214 1833 3279; x_wconf 87' lang='lat' dir='ltr'>devotione</span> 
     </span>
     <span class='ocr_line' id='line_1_31' title="bbox 224 3306 1833 3392; baseline -0.001 -15"><span class='ocrx_word' id='word_1_329' title='bbox 224 3315 287 3377; x_wconf 87' lang='lat' dir='ltr'>lut.</span> <span class='ocrx_word' id='word_1_330' title='bbox 311 3311 580 3376; x_wconf 73' lang='lat' dir='ltr'>anathematizas</span> <span class='ocrx_word' id='word_1_331' title='bbox 600 3311 701 3374; x_wconf 86' lang='lat' dir='ltr'>etiam</span> <span class='ocrx_word' id='word_1_332' title='bbox 720 3306 858 3373; x_wconf 89' lang='lat' dir='ltr'>omnem&#39;</span> <span class='ocrx_word' id='word_1_333' title='bbox 868 3309 981 3372; x_wconf 72' lang='grc'><strong>111111-</strong></span> <span class='ocrx_word' id='word_1_334' title='bbox 1035 3318 1071 3379; x_wconf 90' lang='lat' dir='ltr'>in</span> <span class='ocrx_word' id='word_1_335' title='bbox 1092 3314 1255 3392; x_wconf 89' lang='lat' dir='ltr'>Reginam</span> <span class='ocrx_word' id='word_1_336' title='bbox 1275 3313 1445 3391; x_wconf 82' lang='lat' dir='ltr'>eligimus,</span> <span class='ocrx_word' id='word_1_337' title='bbox 1465 3312 1736 3376; x_wconf 82' lang='lat' dir='ltr'>benedictionum</span> <span class='ocrx_word' id='word_1_338' title='bbox 1753 3315 1833 3376; x_wconf 86' lang='lat' dir='ltr'>tua·</span> 
     </span>
    </p>
   </div>
   <div class='ocr_carea' id='block_1_7' title="bbox 185 3407 1956 3490">
    <p class='ocr_par' dir='ltr' id='par_1_7' title="bbox 185 3407 1956 3490">
     <span class='ocr_line' id='line_1_32' title="bbox 185 3407 1956 3490; baseline -0.001 -16"><span class='ocrx_word' id='word_1_339' title='bbox 185 3414 248 3474; x_wconf 92' lang='lat' dir='ltr'>sim</span> <span class='ocrx_word' id='word_1_340' title='bbox 261 3411 473 3474; x_wconf 83' lang='lat' dir='ltr'>extollentem</span> <span class='ocrx_word' id='word_1_341' title='bbox 488 3425 525 3470; x_wconf 91' lang='lat' dir='ltr'>se</span> <span class='ocrx_word' id='word_1_342' title='bbox 535 3410 695 3472; x_wconf 88' lang='lat' dir='ltr'>adversus</span> <span class='ocrx_word' id='word_1_343' title='bbox 705 3408 855 3471; x_wconf 89' lang='lat' dir='ltr'>sanctam</span> <span class='ocrx_word' id='word_1_344' title='bbox 868 3407 984 3470; x_wconf 80' lang='lat' dir='ltr'>Eccle-</span> <span class='ocrx_word' id='word_1_345' title='bbox 1035 3430 1110 3477; x_wconf 87' lang='lat' dir='ltr'>rum</span> <span class='ocrx_word' id='word_1_346' title='bbox 1132 3414 1219 3475; x_wconf 92' lang='lat' dir='ltr'>dona</span> <span class='ocrx_word' id='word_1_347' title='bbox 1239 3411 1424 3489; x_wconf 87' lang='lat' dir='ltr'>multiplica</span> <span class='ocrx_word' id='word_1_348' title='bbox 1445 3425 1585 3490; x_wconf 87' lang='lat' dir='ltr'>eamque</span> <span class='ocrx_word' id='word_1_349' title='bbox 1608 3409 1749 3473; x_wconf 82' lang='lat' dir='ltr'>dextera</span> <span class='ocrx_word' id='word_1_350' title='bbox 1766 3412 1832 3473; x_wconf 77' lang='lat' dir='ltr'>ma</span> <span class='ocrx_word' id='word_1_351' title='bbox 1954 3414 1956 3473; x_wconf 66' lang='grc' dir='ltr'><em>ς</em></span> 
     </span>
    </p>
   </div>
   <div class='ocr_carea' id='block_1_8' title="bbox 184 3507 1834 4168">
    <p class='ocr_par' dir='ltr' id='par_1_8' title="bbox 184 3507 1834 4168">
     <span class='ocr_line' id='line_1_33' title="bbox 185 3507 1834 3591; baseline -0.001 -19"><span class='ocrx_word' id='word_1_352' title='bbox 185 3512 269 3572; x_wconf 91' lang='lat' dir='ltr'>siam</span> <span class='ocrx_word' id='word_1_353' title='bbox 288 3508 505 3571; x_wconf 83' lang='lat' dir='ltr'>catholicamt</span> <span class='ocrx_word' id='word_1_354' title='bbox 1035 3511 1192 3591; x_wconf 87' lang='lat' dir='ltr'>potentiae</span> <span class='ocrx_word' id='word_1_355' title='bbox 1215 3524 1346 3587; x_wconf 89' lang='lat' dir='ltr'>semper</span> <span class='ocrx_word' id='word_1_356' title='bbox 1371 3509 1406 3570; x_wconf 91' lang='lat' dir='ltr'>et</span> <span class='ocrx_word' id='word_1_357' title='bbox 1432 3507 1555 3587; x_wconf 91' lang='lat' dir='ltr'>ubique</span> <span class='ocrx_word' id='word_1_358' title='bbox 1582 3507 1770 3583; x_wconf 90' lang='lat' dir='ltr'>circumda,</span> <span class='ocrx_word' id='word_1_359' title='bbox 1799 3510 1834 3571; x_wconf 93' lang='lat' dir='ltr'>ut</span> 
     </span>
     <span class='ocr_line' id='line_1_34' title="bbox 225 3602 1834 3683; baseline -0.003 -11"><span class='ocrx_word' id='word_1_360' title='bbox 225 3610 265 3672; x_wconf 84' lang='lat' dir='ltr'>R.</span> <span class='ocrx_word' id='word_1_361' title='bbox 288 3604 550 3668; x_wconf 78' lang='lat' dir='ltr'>anathematizo.</span> <span class='ocrx_word' id='word_1_362' title='bbox 1035 3607 1137 3671; x_wconf 90' lang='lat' dir='ltr'>verbo</span> <span class='ocrx_word' id='word_1_363' title='bbox 1150 3604 1344 3669; x_wconf 90' lang='lat' dir='ltr'>muniminis</span> <span class='ocrx_word' id='word_1_364' title='bbox 1362 3604 1412 3666; x_wconf 92' lang='lat' dir='ltr'>tui</span> <span class='ocrx_word' id='word_1_365' title='bbox 1429 3604 1575 3682; x_wconf 86' lang='lat' dir='ltr'>undique</span> <span class='ocrx_word' id='word_1_366' title='bbox 1595 3602 1738 3666; x_wconf 85' lang='lat' dir='ltr'>tirmiter</span> <span class='ocrx_word' id='word_1_367' title='bbox 1758 3619 1834 3683; x_wconf 90' lang='lat' dir='ltr'>pro·</span> 
     </span>
     <span class='ocr_line' id='line_1_35' title="bbox 224 3699 1834 3781; baseline -0.001 -16"><span class='ocrx_word' id='word_1_368' title='bbox 224 3704 287 3765; x_wconf 86' lang='lat' dir='ltr'>Int.</span> <span class='ocrx_word' id='word_1_369' title='bbox 310 3702 425 3763; x_wconf 85' lang='lat' dir='ltr'>Credis</span> <span class='ocrx_word' id='word_1_370' title='bbox 445 3702 547 3763; x_wconf 89' lang='lat' dir='ltr'>etiam</span> <span class='ocrx_word' id='word_1_371' title='bbox 567 3713 681 3761; x_wconf 89' lang='lat' dir='ltr'>veram</span> <span class='ocrx_word' id='word_1_372' title='bbox 703 3699 983 3762; x_wconf 88' lang='lat' dir='ltr'>resurrectionem</span> <span class='ocrx_word' id='word_1_373' title='bbox 1035 3707 1133 3778; x_wconf 81' lang='lat' dir='ltr'>tecta,</span> <span class='ocrx_word' id='word_1_374' title='bbox 1155 3703 1298 3768; x_wconf 85' lang='lat' dir='ltr'>visibilis</span> <span class='ocrx_word' id='word_1_375' title='bbox 1317 3718 1377 3764; x_wconf 92' lang='lat' dir='ltr'>seu</span> <span class='ocrx_word' id='word_1_376' title='bbox 1395 3700 1575 3764; x_wconf 87' lang='lat' dir='ltr'>invisibilis</span> <span class='ocrx_word' id='word_1_377' title='bbox 1593 3701 1703 3764; x_wconf 89' lang='lat' dir='ltr'>bostis</span> <span class='ocrx_word' id='word_1_378' title='bbox 1717 3702 1834 3781; x_wconf 87' lang='lat' dir='ltr'>nequi-</span> 
     </span>
     <span class='ocr_line' id='line_1_36' title="bbox 184 3796 1834 3881; baseline 0 -18"><span class='ocrx_word' id='word_1_379' title='bbox 184 3801 333 3881; x_wconf 89' lang='lat' dir='ltr'>ejusdem</span> <span class='ocrx_word' id='word_1_380' title='bbox 350 3798 463 3861; x_wconf 90' lang='lat' dir='ltr'>carnis</span> <span class='ocrx_word' id='word_1_381' title='bbox 476 3812 577 3875; x_wconf 89' lang='lat' dir='ltr'>quam</span> <span class='ocrx_word' id='word_1_382' title='bbox 592 3811 680 3857; x_wconf 88' lang='lat' dir='ltr'>nunc</span> <span class='ocrx_word' id='word_1_383' title='bbox 694 3796 817 3873; x_wconf 86' lang='lat' dir='ltr'>gestas,</span> <span class='ocrx_word' id='word_1_384' title='bbox 832 3797 866 3860; x_wconf 91' lang='lat' dir='ltr'>et</span> <span class='ocrx_word' id='word_1_385' title='bbox 880 3797 984 3860; x_wconf 90' lang='lat' dir='ltr'>vitam</span> <span class='ocrx_word' id='word_1_386' title='bbox 1035 3805 1101 3867; x_wconf 73' lang='lat' dir='ltr'>fias</span> <span class='ocrx_word' id='word_1_387' title='bbox 1136 3799 1381 3878; x_wconf 85' lang='lat' dir='ltr'>triumphanter</span> <span class='ocrx_word' id='word_1_388' title='bbox 1414 3812 1608 3877; x_wconf 83' lang='lat' dir='ltr'>expugnare</span> <span class='ocrx_word' id='word_1_389' title='bbox 1642 3798 1775 3876; x_wconf 83' lang='lat' dir='ltr'>valeat3</span> <span class='ocrx_word' id='word_1_390' title='bbox 1803 3798 1834 3861; x_wconf 85' lang='lat' dir='ltr'>ct</span> 
     </span>
     <span class='ocr_line' id='line_1_37' title="bbox 186 3894 1834 3975; baseline -0.001 -14"><span class='ocrx_word' id='word_1_391' title='bbox 186 3897 366 3961; x_wconf 83' lang='lat' dir='ltr'>aeternaml</span> <span class='ocrx_word' id='word_1_392' title='bbox 1036 3916 1104 3964; x_wconf 89' lang='lat' dir='ltr'>nna</span> <span class='ocrx_word' id='word_1_393' title='bbox 1125 3913 1200 3962; x_wconf 92' lang='lat' dir='ltr'>cum</span> <span class='ocrx_word' id='word_1_394' title='bbox 1225 3900 1309 3960; x_wconf 81' lang='lat' dir='ltr'>Sara</span> <span class='ocrx_word' id='word_1_395' title='bbox 1332 3896 1432 3975; x_wconf 89' lang='lat' dir='ltr'>atque</span> <span class='ocrx_word' id='word_1_396' title='bbox 1455 3896 1615 3969; x_wconf 86' lang='lat' dir='ltr'>Rebecca,</span> <span class='ocrx_word' id='word_1_397' title='bbox 1635 3894 1698 3958; x_wconf 91' lang='lat' dir='ltr'>Lia</span> <span class='ocrx_word' id='word_1_398' title='bbox 1717 3899 1753 3960; x_wconf 90' lang='lat' dir='ltr'>et</span> <span class='ocrx_word' id='word_1_399' title='bbox 1770 3899 1834 3960; x_wconf 85' lang='lat' dir='ltr'>Ra·</span> 
     </span>
     <span class='ocr_line' id='line_1_38' title="bbox 228 3992 1833 4071; baseline -0.002 -12"><span class='ocrx_word' id='word_1_400' title='bbox 228 3999 267 4059; x_wconf 84' lang='lat' dir='ltr'>R.</span> <span class='ocrx_word' id='word_1_401' title='bbox 290 3992 406 4056; x_wconf 82' lang='lat' dir='ltr'>Credo.</span> <span class='ocrx_word' id='word_1_402' title='bbox 1036 3999 1126 4071; x_wconf 87' lang='lat' dir='ltr'>ohel,</span> <span class='ocrx_word' id='word_1_403' title='bbox 1147 3996 1253 4059; x_wconf 90' lang='lat' dir='ltr'>beatis</span> <span class='ocrx_word' id='word_1_404' title='bbox 1275 3992 1535 4071; x_wconf 75' lang='lat' dir='ltr'>reverendisque</span> <span class='ocrx_word' id='word_1_405' title='bbox 1554 3993 1701 4067; x_wconf 84' lang='lat' dir='ltr'>feminis,</span> <span class='ocrx_word' id='word_1_406' title='bbox 1727 3993 1833 4056; x_wconf 78' lang='lat' dir='ltr'>ductu</span> 
     </span>
     <span class='ocr_line' id='line_1_39' title="bbox 227 4085 1833 4168; baseline 0 -14"><span class='ocrx_word' id='word_1_407' title='bbox 227 4092 290 4154; x_wconf 87' lang='lat' dir='ltr'>lnt.</span> <span class='ocrx_word' id='word_1_408' title='bbox 313 4088 428 4153; x_wconf 83' lang='lat' dir='ltr'>Credis</span> <span class='ocrx_word' id='word_1_409' title='bbox 451 4087 552 4150; x_wconf 87' lang='lat' dir='ltr'>etiam</span> <span class='ocrx_word' id='word_1_410' title='bbox 573 4085 651 4149; x_wconf 93' lang='lat' dir='ltr'>novi</span> <span class='ocrx_word' id='word_1_411' title='bbox 672 4087 706 4149; x_wconf 90' lang='lat' dir='ltr'>et</span> <span class='ocrx_word' id='word_1_412' title='bbox 727 4086 850 4149; x_wconf 90' lang='lat' dir='ltr'>veteris</span> <span class='ocrx_word' id='word_1_413' title='bbox 868 4088 985 4151; x_wconf 83' lang='lat' dir='ltr'>Testa-</span> <span class='ocrx_word' id='word_1_414' title='bbox 1036 4094 1123 4159; x_wconf 73' lang='lat' dir='ltr'>utari</span> <span class='ocrx_word' id='word_1_415' title='bbox 1147 4094 1199 4157; x_wconf 83' lang='lat' dir='ltr'>sui</span> <span class='ocrx_word' id='word_1_416' title='bbox 1227 4088 1410 4155; x_wconf 74' lang='lat' dir='ltr'>foecundari</span> <span class='ocrx_word' id='word_1_417' title='bbox 1432 4106 1493 4153; x_wconf 92' lang='lat' dir='ltr'>seu</span> <span class='ocrx_word' id='word_1_418' title='bbox 1515 4090 1680 4168; x_wconf 82' lang='lat' dir='ltr'>gratulari</span> <span class='ocrx_word' id='word_1_419' title='bbox 1702 4106 1833 4154; x_wconf 87' lang='lat' dir='ltr'>merea·</span> 
     </span>
    </p>
   </div>
   <div class='ocr_carea' id='block_1_9' title="bbox 189 4184 1956 4268">
    <p class='ocr_par' dir='ltr' id='par_1_9' title="bbox 189 4184 1956 4268">
     <span class='ocr_line' id='line_1_40' title="bbox 189 4184 1956 4268; baseline -0.005 -15"><span class='ocrx_word' id='word_1_420' title='bbox 189 4188 291 4254; x_wconf 86' lang='lat' dir='ltr'>menti</span> <span class='ocrx_word' id='word_1_421' title='bbox 306 4187 390 4264; x_wconf 86' lang='lat' dir='ltr'>legis</span> <span class='ocrx_word' id='word_1_422' title='bbox 405 4186 439 4248; x_wconf 89' lang='lat' dir='ltr'>et</span> <span class='ocrx_word' id='word_1_423' title='bbox 451 4184 688 4263; x_wconf 89' lang='lat' dir='ltr'>prophetarum</span> <span class='ocrx_word' id='word_1_424' title='bbox 707 4185 984 4262; x_wconf 80' lang='lat' dir='ltr'>etlipostolorum</span> <span class='ocrx_word' id='word_1_425' title='bbox 1036 4194 1102 4266; x_wconf 79' lang='lat' dir='ltr'>tur,</span> <span class='ocrx_word' id='word_1_426' title='bbox 1129 4191 1171 4254; x_wconf 83' lang='lat' dir='ltr'>ad</span> <span class='ocrx_word' id='word_1_427' title='bbox 1199 4191 1352 4252; x_wconf 78' lang='lat' dir='ltr'>decorem</span> <span class='ocrx_word' id='word_1_428' title='bbox 1377 4188 1480 4252; x_wconf 86' lang='lat' dir='ltr'>totius</span> <span class='ocrx_word' id='word_1_429' title='bbox 1504 4188 1617 4264; x_wconf 87' lang='lat' dir='ltr'>regni,</span> <span class='ocrx_word' id='word_1_430' title='bbox 1647 4189 1833 4268; x_wconf 65' lang='lat' dir='ltr'>sucumque</span> <span class='ocrx_word' id='word_1_431' title='bbox 1955 4230 1956 4233; x_wconf 20' lang='lat'>¹</span> 
     </span>
    </p>
   </div>
   <div class='ocr_carea' id='block_1_10' title="bbox 187 4281 1834 4662">
    <p class='ocr_par' dir='ltr' id='par_1_10' title="bbox 187 4281 1834 4662">
     <span class='ocr_line' id='line_1_41' title="bbox 190 4281 1833 4365; baseline -0.003 -11"><span class='ocrx_word' id='word_1_432' title='bbox 190 4300 378 4350; x_wconf 73' lang='lat' dir='ltr'>unumcsse</span> <span class='ocrx_word' id='word_1_433' title='bbox 392 4284 562 4345; x_wconf 68' lang='lat' dir='ltr'>auctorem</span> <span class='ocrx_word' id='word_1_434' title='bbox 576 4285 680 4343; x_wconf 89' lang='lat' dir='ltr'>Deum</span> <span class='ocrx_word' id='word_1_435' title='bbox 689 4281 722 4345; x_wconf 77' lang='grc'>111</span> <span class='ocrx_word' id='word_1_436' title='bbox 733 4282 909 4344; x_wconf 80' lang='lat' dir='ltr'>Dominum</span> <span class='ocrx_word' id='word_1_437' title='bbox 918 4299 986 4346; x_wconf 86' lang='lat'>0111·</span> <span class='ocrx_word' id='word_1_438' title='bbox 1037 4290 1161 4354; x_wconf 74' lang='lat' dir='ltr'>sanctae</span> <span class='ocrx_word' id='word_1_439' title='bbox 1173 4284 1233 4351; x_wconf 84' lang='lat' dir='ltr'>Dei</span> <span class='ocrx_word' id='word_1_440' title='bbox 1244 4286 1402 4349; x_wconf 81' lang='lat' dir='ltr'>Ecclesiae</span> <span class='ocrx_word' id='word_1_441' title='bbox 1413 4286 1594 4361; x_wconf 82' lang='lat' dir='ltr'>regendum</span> <span class='ocrx_word' id='word_1_442' title='bbox 1605 4300 1668 4348; x_wconf 92' lang='lat' dir='ltr'>nec</span> <span class='ocrx_word' id='word_1_443' title='bbox 1677 4301 1747 4349; x_wconf 92' lang='lat' dir='ltr'>non</span> <span class='ocrx_word' id='word_1_444' title='bbox 1759 4301 1833 4365; x_wconf 91' lang='lat' dir='ltr'>pro·</span> 
     </span>
     <span class='ocr_line' id='line_1_42' title="bbox 187 4381 1834 4466; baseline -0.001 -18"><span class='ocrx_word' id='word_1_445' title='bbox 187 4382 408 4464; x_wconf 81' lang='lat' dir='ltr'>nipotentemt</span> <span class='ocrx_word' id='word_1_446' title='bbox 1036 4386 1225 4466; x_wconf 90' lang='lat' dir='ltr'>tegendum.</span> <span class='ocrx_word' id='word_1_447' title='bbox 1259 4388 1325 4447; x_wconf 89' lang='lat' dir='ltr'>Per</span> <span class='ocrx_word' id='word_1_448' title='bbox 1354 4382 1522 4445; x_wconf 85' lang='lat' dir='ltr'>Christum</span> <span class='ocrx_word' id='word_1_449' title='bbox 1553 4381 1726 4445; x_wconf 90' lang='lat' dir='ltr'>dominum</span> <span class='ocrx_word' id='word_1_450' title='bbox 1757 4399 1834 4446; x_wconf 89' lang='lat' dir='ltr'>nos·</span> 
     </span>
     <span class='ocr_line' id='line_1_43' title="bbox 227 4479 1834 4562; baseline -0.001 -17"><span class='ocrx_word' id='word_1_451' title='bbox 227 4486 267 4545; x_wconf 89' lang='lat' dir='ltr'>R.</span> <span class='ocrx_word' id='word_1_452' title='bbox 288 4480 404 4543; x_wconf 81' lang='lat' dir='ltr'>Credo.</span> <span class='ocrx_word' id='word_1_453' title='bbox 1036 4487 1136 4558; x_wconf 84' lang='lat' dir='ltr'>trum,</span> <span class='ocrx_word' id='word_1_454' title='bbox 1153 4483 1210 4562; x_wconf 91' lang='lat' dir='ltr'>qul</span> <span class='ocrx_word' id='word_1_455' title='bbox 1233 4498 1277 4545; x_wconf 81' lang='lat' dir='ltr'>ex</span> <span class='ocrx_word' id='word_1_456' title='bbox 1290 4480 1486 4543; x_wconf 88' lang='lat' dir='ltr'>intemerato</span> <span class='ocrx_word' id='word_1_457' title='bbox 1506 4479 1613 4542; x_wconf 80' lang='lat' dir='ltr'>beata</span> <span class='ocrx_word' id='word_1_458' title='bbox 1627 4480 1834 4543; x_wconf 72' lang='grc'><strong>1111111111-</strong></span> 
     </span>
     <span class='ocr_line' id='line_1_44' title="bbox 227 4574 1831 4662; baseline -0.002 -20"><span class='ocrx_word' id='word_1_459' title='bbox 227 4581 267 4642; x_wconf 88' lang='grc' dir='ltr'>Ε1</span> <span class='ocrx_word' id='word_1_460' title='bbox 281 4579 412 4640; x_wconf 91' lang='lat' dir='ltr'>dicatur</span> <span class='ocrx_word' id='word_1_461' title='bbox 425 4576 457 4637; x_wconf 92' lang='lat' dir='ltr'>ei</span> <span class='ocrx_word' id='word_1_462' title='bbox 474 4597 482 4636; x_wconf 74' lang='grc' dir='ltr'><strong>ι</strong></span> <span class='ocrx_word' id='word_1_463' title='bbox 497 4576 606 4636; x_wconf 81' lang='lat' dir='ltr'>‹Haec</span> <span class='ocrx_word' id='word_1_464' title='bbox 616 4574 698 4635; x_wconf 82' lang='lat' dir='ltr'>tides</span> <span class='ocrx_word' id='word_1_465' title='bbox 712 4574 876 4651; x_wconf 86' lang='lat' dir='ltr'>augeatur</span> <span class='ocrx_word' id='word_1_466' title='bbox 886 4591 908 4638; x_wconf 90' lang='lat' dir='ltr'>a</span> <span class='ocrx_word' id='word_1_467' title='bbox 918 4577 987 4639; x_wconf 89' lang='lat' dir='ltr'>Do-</span> <span class='ocrx_word' id='word_1_468' title='bbox 1037 4583 1126 4662; x_wconf 88' lang='lat' dir='ltr'>ginis</span> <span class='ocrx_word' id='word_1_469' title='bbox 1140 4584 1234 4644; x_wconf 90' lang='lat' dir='ltr'>utero</span> <span class='ocrx_word' id='word_1_470' title='bbox 1248 4578 1353 4650; x_wconf 91' lang='lat' dir='ltr'>nasci,</span> <span class='ocrx_word' id='word_1_471' title='bbox 1373 4577 1511 4640; x_wconf 88' lang='lat' dir='ltr'>visitare</span> <span class='ocrx_word' id='word_1_472' title='bbox 1525 4576 1559 4640; x_wconf 93' lang='lat' dir='ltr'>et</span> <span class='ocrx_word' id='word_1_473' title='bbox 1570 4591 1736 4640; x_wconf 86' lang='lat' dir='ltr'>renovare</span> <span class='ocrx_word' id='word_1_474' title='bbox 1745 4577 1831 4640; x_wconf 84' lang='lat' dir='ltr'>bunc</span> 
     </span>
    </p>
   </div>
   <div class='ocr_carea' id='block_1_11' title="bbox 188 4670 1956 4856">
    <p class='ocr_par' dir='ltr' id='par_1_11' title="bbox 188 4670 1956 4856">
     <span class='ocr_line' id='line_1_45' title="bbox 188 4670 1956 4760; baseline -0.011 -20"><span class='ocrx_word' id='word_1_475' title='bbox 188 4677 279 4740; x_wconf 91' lang='lat' dir='ltr'>mino</span> <span class='ocrx_word' id='word_1_476' title='bbox 290 4675 333 4737; x_wconf 91' lang='lat' dir='ltr'>ad</span> <span class='ocrx_word' id='word_1_477' title='bbox 342 4688 457 4737; x_wconf 92' lang='lat' dir='ltr'>veram</span> <span class='ocrx_word' id='word_1_478' title='bbox 467 4673 501 4733; x_wconf 90' lang='lat' dir='ltr'>et</span> <span class='ocrx_word' id='word_1_479' title='bbox 511 4670 723 4760; x_wconf 22' lang='lat' dir='ltr'>ad&#39;aeternam</span> <span class='ocrx_word' id='word_1_480' title='bbox 735 4670 983 4747; x_wconf 86' lang='lat' dir='ltr'>beatitudinem,</span> <span class='ocrx_word' id='word_1_481' title='bbox 1037 4680 1193 4757; x_wconf 70' lang='lat' dir='ltr'>dignatus</span> <span class='ocrx_word' id='word_1_482' title='bbox 1213 4677 1264 4740; x_wconf 77' lang='lat' dir='ltr'>est</span> <span class='ocrx_word' id='word_1_483' title='bbox 1283 4675 1462 4750; x_wconf 62' lang='lat' dir='ltr'>mundmm</span> <span class='ocrx_word' id='word_1_484' title='bbox 1483 4674 1541 4752; x_wconf 80' lang='lat' dir='ltr'>qui</span> <span class='ocrx_word' id='word_1_485' title='bbox 1563 4674 1674 4736; x_wconf 70' lang='lat' dir='ltr'>tecum</span> <span class='ocrx_word' id='word_1_486' title='bbox 1698 4676 1784 4739; x_wconf 67' lang='lat' dir='ltr'><strong>vivit</strong></span> <span class='ocrx_word' id='word_1_487' title='bbox 1803 4676 1834 4737; x_wconf 65' lang='lat'>01</span> <span class='ocrx_word' id='word_1_488' title='bbox 1955 4682 1956 4731; x_wconf 69' lang='grc'>1</span> 
     </span>
     <span class='ocr_line' id='line_1_46' title="bbox 188 4767 1956 4856; baseline -0.008 -20"><span class='ocrx_word' id='word_1_489' title='bbox 188 4771 403 4836; x_wconf 89' lang='lat' dir='ltr'>dilectissime</span> <span class='ocrx_word' id='word_1_490' title='bbox 414 4769 448 4830; x_wconf 92' lang='lat' dir='ltr'>in</span> <span class='ocrx_word' id='word_1_491' title='bbox 463 4768 594 4829; x_wconf 84' lang='lat' dir='ltr'>Christo</span> <span class='ocrx_word' id='word_1_492' title='bbox 609 4767 986 4847; x_wconf 80' lang='lat' dir='ltr'>flli.›Et1·espondeant</span> <span class='ocrx_word' id='word_1_493' title='bbox 1036 4778 1156 4856; x_wconf 81' lang='lat' dir='ltr'>regnat</span> <span class='ocrx_word' id='word_1_494' title='bbox 1175 4773 1313 4838; x_wconf 80' lang='lat' dir='ltr'>neusin</span> <span class='ocrx_word' id='word_1_495' title='bbox 1334 4772 1463 4835; x_wconf 86' lang='lat' dir='ltr'>unitate</span> <span class='ocrx_word' id='word_1_496' title='bbox 1483 4771 1629 4848; x_wconf 86' lang='lat' dir='ltr'>Spiritus</span> <span class='ocrx_word' id='word_1_497' title='bbox 1648 4772 1765 4836; x_wconf 87' lang='lat' dir='ltr'>Sancti</span> <span class='ocrx_word' id='word_1_498' title='bbox 1779 4788 1834 4851; x_wconf 87' lang='lat' dir='ltr'>per</span> <span class='ocrx_word' id='word_1_499' title='bbox 1953 4806 1956 4821; x_wconf 59' lang='lat'>,</span> 
     </span>
    </p>
   </div>
   <div class='ocr_carea' id='block_1_12' title="bbox 188 4869 1835 5434">
    <p class='ocr_par' dir='ltr' id='par_1_12' title="bbox 188 4869 1835 5434">
     <span class='ocr_line' id='line_1_47' title="bbox 188 4869 1791 4939; baseline -0.005 0"><span class='ocrx_word' id='word_1_500' title='bbox 188 4870 459 4932; x_wconf 73' lang='lat' dir='ltr'>011111082A111011·</span> <span class='ocrx_word' id='word_1_501' title='bbox 1036 4872 1237 4939; x_wconf 89' lang='lat' dir='ltr'>immortalia</span> <span class='ocrx_word' id='word_1_502' title='bbox 1259 4870 1383 4933; x_wconf 77' lang='lat' dir='ltr'>saeouda</span> <span class='ocrx_word' id='word_1_503' title='bbox 1403 4869 1612 4932; x_wconf 87' lang='lat' dir='ltr'>saeculorum.</span> <span class='ocrx_word' id='word_1_504' title='bbox 1635 4872 1791 4932; x_wconf 73' lang='lat' dir='ltr'>Amen.»</span> 
     </span>
     <span class='ocr_line' id='line_1_48' title="bbox 227 4959 1835 5045; baseline 0.001 -18"><span class='ocrx_word' id='word_1_505' title='bbox 227 4969 320 5027; x_wconf 82' lang='lat' dir='ltr'>Tunc</span> <span class='ocrx_word' id='word_1_506' title='bbox 329 4961 422 5024; x_wconf 90' lang='lat' dir='ltr'>vadit</span> <span class='ocrx_word' id='word_1_507' title='bbox 430 4960 583 5022; x_wconf 90' lang='lat' dir='ltr'>dominus</span> <span class='ocrx_word' id='word_1_508' title='bbox 596 4962 687 5037; x_wconf 88' lang='lat' dir='ltr'>Papa</span> <span class='ocrx_word' id='word_1_509' title='bbox 698 4959 739 5022; x_wconf 92' lang='lat' dir='ltr'>ad</span> <span class='ocrx_word' id='word_1_510' title='bbox 755 4963 983 5036; x_wconf 82' lang='lat' dir='ltr'>secretarium,</span> <span class='ocrx_word' id='word_1_511' title='bbox 1078 4976 1149 5045; x_wconf 86' lang='lat' dir='ltr'>Qua</span> <span class='ocrx_word' id='word_1_512' title='bbox 1167 4969 1320 5034; x_wconf 89' lang='lat' dir='ltr'>oratione</span> <span class='ocrx_word' id='word_1_513' title='bbox 1339 4967 1518 5044; x_wconf 86' lang='lat' dir='ltr'>completa,</span> <span class='ocrx_word' id='word_1_514' title='bbox 1544 4981 1631 5028; x_wconf 93' lang='lat' dir='ltr'>unus</span> <span class='ocrx_word' id='word_1_515' title='bbox 1656 4966 1699 5028; x_wconf 92' lang='lat' dir='ltr'>de</span> <span class='ocrx_word' id='word_1_516' title='bbox 1720 4967 1835 5029; x_wconf 83' lang='lat' dir='ltr'>Cardi-</span> 
     </span>
     <span class='ocr_line' id='line_1_49' title="bbox 188 5054 1834 5147; baseline -0.002 -20"><span class='ocrx_word' id='word_1_517' title='bbox 188 5064 223 5127; x_wconf 92' lang='lat' dir='ltr'>et</span> <span class='ocrx_word' id='word_1_518' title='bbox 235 5060 345 5124; x_wconf 90' lang='lat' dir='ltr'>induit</span> <span class='ocrx_word' id='word_1_519' title='bbox 356 5074 392 5120; x_wconf 88' lang='lat' dir='ltr'>se</span> <span class='ocrx_word' id='word_1_520' title='bbox 406 5054 652 5135; x_wconf 86' lang='lat' dir='ltr'>pontificalibus</span> <span class='ocrx_word' id='word_1_521' title='bbox 664 5055 866 5121; x_wconf 90' lang='lat' dir='ltr'>indumentis</span> <span class='ocrx_word' id='word_1_522' title='bbox 881 5076 985 5139; x_wconf 69' lang='lat' dir='ltr'>mque</span> <span class='ocrx_word' id='word_1_523' title='bbox 1037 5069 1169 5133; x_wconf 89' lang='lat' dir='ltr'>nalibus</span> <span class='ocrx_word' id='word_1_524' title='bbox 1183 5064 1385 5147; x_wconf 81' lang='lat' dir='ltr'>presbyteris</span> <span class='ocrx_word' id='word_1_525' title='bbox 1402 5064 1457 5125; x_wconf 88' lang='lat' dir='ltr'>cui</span> <span class='ocrx_word' id='word_1_526' title='bbox 1470 5063 1564 5141; x_wconf 90' lang='lat' dir='ltr'>prior</span> <span class='ocrx_word' id='word_1_527' title='bbox 1578 5065 1789 5141; x_wconf 68' lang='lat' dir='ltr'>preceperit,</span> <span class='ocrx_word' id='word_1_528' title='bbox 1804 5064 1834 5126; x_wconf 88' lang='lat' dir='ltr'>et</span> 
     </span>
     <span class='ocr_line' id='line_1_50' title="bbox 191 5159 1832 5238; baseline -0.004 -8"><span class='ocrx_word' id='word_1_529' title='bbox 191 5168 232 5230; x_wconf 92' lang='lat' dir='ltr'>ad</span> <span class='ocrx_word' id='word_1_530' title='bbox 247 5164 470 5234; x_wconf 90' lang='lat' dir='ltr'>dalmaticam,</span> <span class='ocrx_word' id='word_1_531' title='bbox 487 5176 552 5238; x_wconf 89' lang='lat' dir='ltr'>qua</span> <span class='ocrx_word' id='word_1_532' title='bbox 570 5160 706 5223; x_wconf 85' lang='lat' dir='ltr'>indutus</span> <span class='ocrx_word' id='word_1_533' title='bbox 727 5163 832 5227; x_wconf 79' lang='lat' dir='ltr'>sedet.</span> <span class='ocrx_word' id='word_1_534' title='bbox 848 5166 985 5229; x_wconf 85' lang='lat' dir='ltr'>Interim</span> <span class='ocrx_word' id='word_1_535' title='bbox 1037 5168 1078 5228; x_wconf 91' lang='lat' dir='ltr'>de</span> <span class='ocrx_word' id='word_1_536' title='bbox 1092 5164 1286 5228; x_wconf 87' lang='lat' dir='ltr'>diaconibus</span> <span class='ocrx_word' id='word_1_537' title='bbox 1308 5161 1462 5223; x_wconf 88' lang='lat' dir='ltr'>similiter</span> <span class='ocrx_word' id='word_1_538' title='bbox 1480 5176 1567 5222; x_wconf 90' lang='lat' dir='ltr'>unns</span> <span class='ocrx_word' id='word_1_539' title='bbox 1585 5159 1641 5222; x_wconf 91' lang='lat' dir='ltr'>oni</span> <span class='ocrx_word' id='word_1_540' title='bbox 1660 5161 1832 5223; x_wconf 84' lang='lat' dir='ltr'>archidia-</span> 
     </span>
     <span class='ocr_line' id='line_1_51' title="bbox 191 5257 1833 5342; baseline -0.004 -16"><span class='ocrx_word' id='word_1_541' title='bbox 191 5265 366 5342; x_wconf 91' lang='lat' dir='ltr'>episcopus</span> <span class='ocrx_word' id='word_1_542' title='bbox 385 5258 591 5329; x_wconf 76' lang='lat' dir='ltr'>Portuensis</span> <span class='ocrx_word' id='word_1_543' title='bbox 612 5258 648 5318; x_wconf 92' lang='lat' dir='ltr'>in</span> <span class='ocrx_word' id='word_1_544' title='bbox 670 5259 778 5321; x_wconf 90' lang='lat' dir='ltr'>medio</span> <span class='ocrx_word' id='word_1_545' title='bbox 807 5263 891 5324; x_wconf 88' lang='lat' dir='ltr'>rotae</span> <span class='ocrx_word' id='word_1_546' title='bbox 911 5278 984 5325; x_wconf 89' lang='lat' dir='ltr'>me-</span> <span class='ocrx_word' id='word_1_547' title='bbox 1037 5263 1141 5329; x_wconf 86' lang='lat' dir='ltr'>conus</span> <span class='ocrx_word' id='word_1_548' title='bbox 1151 5261 1301 5341; x_wconf 83' lang='lat' dir='ltr'>jusserit,</span> <span class='ocrx_word' id='word_1_549' title='bbox 1318 5260 1480 5336; x_wconf 89' lang='lat' dir='ltr'>Reginam</span> <span class='ocrx_word' id='word_1_550' title='bbox 1494 5257 1660 5320; x_wconf 91' lang='lat' dir='ltr'>deducant</span> <span class='ocrx_word' id='word_1_551' title='bbox 1674 5273 1783 5336; x_wconf 88' lang='lat' dir='ltr'>nsque</span> <span class='ocrx_word' id='word_1_552' title='bbox 1794 5257 1833 5320; x_wconf 91' lang='lat' dir='ltr'>ad</span> 
     </span>
     <span class='ocr_line' id='line_1_52' title="bbox 191 5354 1834 5434; baseline -0.002 -12"><span class='ocrx_word' id='word_1_553' title='bbox 191 5361 311 5431; x_wconf 84' lang='lat' dir='ltr'>dianae,</span> <span class='ocrx_word' id='word_1_554' title='bbox 325 5357 382 5418; x_wconf 86' lang='lat' dir='ltr'>dat</span> <span class='ocrx_word' id='word_1_555' title='bbox 397 5356 484 5417; x_wconf 87' lang='lat' dir='ltr'>banc</span> <span class='ocrx_word' id='word_1_556' title='bbox 503 5354 686 5417; x_wconf 91' lang='lat' dir='ltr'>orationem</span> <span class='ocrx_word' id='word_1_557' title='bbox 703 5372 804 5433; x_wconf 89' lang='lat' dir='ltr'>snper</span> <span class='ocrx_word' id='word_1_558' title='bbox 819 5358 983 5423; x_wconf 76' lang='lat' dir='ltr'>electumz</span> <span class='ocrx_word' id='word_1_559' title='bbox 1037 5360 1143 5426; x_wconf 88' lang='lat' dir='ltr'>altare</span> <span class='ocrx_word' id='word_1_560' title='bbox 1162 5358 1269 5422; x_wconf 86' lang='lat' dir='ltr'>sancti</span> <span class='ocrx_word' id='word_1_561' title='bbox 1288 5357 1451 5434; x_wconf 76' lang='lat' dir='ltr'>Gregorii,</span> <span class='ocrx_word' id='word_1_562' title='bbox 1471 5355 1584 5433; x_wconf 90' lang='lat' dir='ltr'>ibique</span> <span class='ocrx_word' id='word_1_563' title='bbox 1603 5355 1834 5433; x_wconf 71' lang='grc'><strong>1111111111-</strong></span> 
     </span>
    </p>
   </div>
   <div class='ocr_carea' id='block_1_13' title="bbox 192 5540 1955 5723">
    <p class='ocr_par' dir='ltr' id='par_1_13' title="bbox 192 5540 1955 5723">
     <span class='ocr_line' id='line_1_53' title="bbox 228 5540 1955 5645; baseline 0.001 -23"><span class='ocrx_word' id='word_1_564' title='bbox 228 5565 270 5640; x_wconf 79' lang='lat' dir='ltr'>(l)</span> <span class='ocrx_word' id='word_1_565' title='bbox 290 5565 364 5622; x_wconf 85' lang='lat' dir='ltr'>Hinc</span> <span class='ocrx_word' id='word_1_566' title='bbox 372 5565 562 5636; x_wconf 82' lang='lat' dir='ltr'>Imperatores</span> <span class='ocrx_word' id='word_1_567' title='bbox 569 5565 770 5639; x_wconf 78' lang='lat' dir='ltr'>sigismundus</span> <span class='ocrx_word' id='word_1_568' title='bbox 780 5567 810 5626; x_wconf 89' lang='lat' dir='ltr'>in</span> <span class='ocrx_word' id='word_1_569' title='bbox 820 5540 984 5632; x_wconf 71' lang='lat' dir='ltr'>Constantia</span> <span class='ocrx_word' id='word_1_570' title='bbox 1037 5579 1164 5641; x_wconf 83' lang='lat' dir='ltr'>ornatus,</span> <span class='ocrx_word' id='word_1_571' title='bbox 1180 5569 1362 5645; x_wconf 84' lang='lat' dir='ltr'>evaugelium</span> <span class='ocrx_word' id='word_1_572' title='bbox 1380 5573 1568 5627; x_wconf 85' lang='lat' dir='ltr'>cantaverunt</span> <span class='ocrx_word' id='word_1_573' title='bbox 1587 5566 1616 5624; x_wconf 89' lang='lat' dir='ltr'>in</span> <span class='ocrx_word' id='word_1_574' title='bbox 1633 5566 1722 5625; x_wconf 84' lang='lat' dir='ltr'>missa</span> <span class='ocrx_word' id='word_1_575' title='bbox 1740 5566 1831 5640; x_wconf 85' lang='lat' dir='ltr'>ponti·</span> <span class='ocrx_word' id='word_1_576' title='bbox 1954 5626 1955 5639; x_wconf 63' lang='lat'>,</span> 
     </span>
     <span class='ocr_line' id='line_1_54' title="bbox 192 5650 1955 5723; baseline 0.009 -11"><span class='ocrx_word' id='word_1_577' title='bbox 192 5654 342 5712; x_wconf 86' lang='lat' dir='ltr'>dalmatica</span> <span class='ocrx_word' id='word_1_578' title='bbox 359 5650 484 5723; x_wconf 85' lang='lat' dir='ltr'>indutus,</span> <span class='ocrx_word' id='word_1_579' title='bbox 503 5652 668 5714; x_wconf 80' lang='lat' dir='ltr'>Fredericus</span> <span class='ocrx_word' id='word_1_580' title='bbox 685 5656 784 5715; x_wconf 86' lang='lat' dir='ltr'>tertlus</span> <span class='ocrx_word' id='word_1_581' title='bbox 798 5658 896 5718; x_wconf 74' lang='lat' dir='ltr'>Itomae</span> <span class='ocrx_word' id='word_1_582' title='bbox 910 5661 983 5721; x_wconf 85' lang='lat' dir='ltr'>stola</span> <span class='ocrx_word' id='word_1_583' title='bbox 1037 5663 1122 5721; x_wconf 85' lang='lat' dir='ltr'>ticeli.</span> <span class='ocrx_word' id='word_1_584' title='bbox 1954 5668 1955 5689; x_wconf 67' lang='lat'>¹</span> 
     </span>
    </p>
   </div>
   <div class='ocr_carea' id='block_1_14' title="bbox 0 0 1981 6192">
    <p class='ocr_par' dir='ltr' id='par_1_14' title="bbox 0 0 1981 6192">
     <span class='ocr_line' id='line_1_55' title="bbox 0 0 1981 6192; baseline 0 0"><span class='ocrx_word' id='word_1_585' title='bbox 0 0 1981 6192; x_wconf 95' lang='lat' dir='ltr'> </span> 
     </span>
    </p>
   </div>
  </div>
 </body>
</html>
