3936 6182
136 233 204 294 689
548 242 553 250 '
763 234 963 296 GREGORII
985 235 1044 296 vll
1065 235 1173 296 viru.
1735 235 1796 295 590

23 452 25 467 ,
142 404 207 471 pro
225 391 333 457 cereis
346 390 493 459 lanceas,
509 406 568 469 pro
587 389 726 453 coetibus
748 391 962 454 clericorum¹
998 409 1063 471 gua
1086 392 1244 457 liistautla
1267 394 1509 467 exoraverunt,
1532 394 1568 454 ut
1589 392 1706 471 patris
1723 396 1794 472 jain

22 470 25 561 s
143 491 303 553 armatos.
320 489 363 552 Ut
377 492 488 552 autem
511 489 547 551 iii
571 488 686 567 paucis
709 489 853 567 plurima
868 506 947 568 per-
999 491 1068 554 fere
1092 492 1229 569 perdius
1254 493 1480 565 miseraretur,
1496 492 1531 555 et
1557 492 1694 568 paterna
1722 490 1795 552 cle·-

22 580 24 593 ’
143 589 363 665 stringamus,
385 589 460 664 post
484 603 640 664 agrorum
665 588 886 650 uastationem
913 591 946 652 et
999 590 1122 651 mentia
1138 591 1338 653 condoleret.
1352 592 1507 654 Pontifex
1519 592 1643 666 autem,
1658 588 1715 666 qui
1734 604 1794 666 pro

143 687 269 749 multas
295 686 404 748 caedes
428 702 564 749 suorum
585 685 721 759 ciuium,
742 687 816 764 post
833 688 945 750 uarias
996 686 1126 764 justitia
1148 691 1181 751 et
1201 688 1429 751 ecelesiastica
1443 688 1597 750 libertate
1614 686 1748 759 tuenda,
1764 685 1794 747 si

144 785 261 848 clades
283 785 383 862 atque
406 784 571 858 miserias,
591 800 674 862 quas
696 785 845 863 perpessi
868 786 946 848 sunt
998 783 1209 847 rationabilis
1229 801 1331 848 causa
1353 787 1513 864 exigeret,
1531 786 1668 847 mortem
1683 783 1796 846 subire

144 882 301 956 Romani,
321 882 402 961 quia
421 883 670 961 pseudopapam
692 883 843 960 recipere
859 900 944 947 coii-
999 882 1230 959 paratissimus
1249 883 1425 957 existebat,
1443 885 1635 947 constanter
1653 883 1687 944 iu
1707 883 1798 946 bunc

143 983 369 1060 tempserunt3
385 997 457 1055 rex,
472 983 631 1059 concepta
646 996 705 1058 spe
719 996 758 1043 ac
779 981 944 1044 desiderio
999 981 1132 1042 modurn
1146 981 1317 1058 respondit
1332 1003 1340 1042 i
1356 984 1424 1057 Ego
1436 982 1601 1044 versutias
1611 983 1646 1043 et
1658 981 1795 1044 callidi·

144 1096 210 1142 suo
224 1079 409 1152 fraudatus,
425 1080 459 1141 et
478 1078 513 1141 iu
535 1094 597 1141 sua
618 1079 849 1142 erubescentia
862 1095 946 1142 cou-
998 1078 1083 1141 tates
1097 1078 1186 1156 regis
1199 1079 1390 1157 frequenter
1403 1081 1559 1156 expertus
1573 1096 1662 1155 sum3
1679 1079 1748 1152 sed,
1765 1079 1795 1140 si

144 1177 253 1252 fusus,
268 1177 305 1240 in
314 1175 546 1241 lombardiam
554 1193 630 1239 cum
640 1193 701 1240 suo
712 1176 800 1239 idolo
810 1193 944 1240 remea·
998 1176 1070 1238 uult
1082 1177 1118 1238 iii
1131 1177 1174 1238 iis
1190 1177 1224 1238 in
1239 1176 1360 1256 quibus
1370 1176 1546 1239 manifeste
1561 1177 1712 1255 peccarit
1727 1180 1796 1239 Deo

129 1275 206 1351 -rit,
223 1276 257 1339 et
277 1275 430 1338 domiuus
445 1275 625 1353 Gregorius
641 1278 733 1353 Papa
752 1275 788 1336 in
804 1277 947 1354 Aposto-
998 1275 1033 1337 et
1045 1274 1203 1336 Ecclesiae
1218 1274 1422 1348 satisfacere,
1436 1275 1543 1352 ipsum
1566 1272 1708 1336 libenter
1730 1273 1795 1335 ab·

142 1373 213 1436 lica
228 1373 313 1436 Sede
324 1373 485 1436 remansit
494 1373 691 1451 intrepidus.
998 1373 1137 1446 solvam,
1162 1374 1196 1437 et
1217 1373 1424 1451 imperialem
1450 1372 1515 1434 sibi
1538 1388 1694 1435 coronam
1720 1384 1797 1433 cum
1863 1398 1867 1403 ·

186 1473 237 1534 13.
258 1475 354 1535 Anno
376 1488 507 1551 quoque
528 1471 686 1540 secundo,
708 1484 769 1548 per
788 1471 944 1549 spoleta·
998 1470 1229 1533 benedictione
1243 1471 1429 1549 imponam
1443 1471 1592 1548 alioquin
1604 1487 1665 1532 uec
1679 1469 1793 1542 debeo,

142 1585 226 1631 num
253 1569 409 1632 ducatum
436 1569 478 1631 ad
508 1569 629 1632 Urbem
653 1570 776 1631 iterum
799 1569 895 1641 redit,
912 1571 946 1633 et
999 1568 1507 1647 necpossumroslnbacparte
1520 1568 1796 1630 ullatenusexau·

141 1684 205 1745 per
231 1667 335 1731 totum
364 1667 654 1746 quadragesimale
683 1668 813 1745 tempus
836 1666 944 1746 ipsam
998 1667 1082 1729 dire.

141 1768 284 1829 Romam
303 1782 378 1827 curu
393 1766 497 1828 multa
518 1766 703 1829 hostilitate
717 1764 855 1828 obsedit.
871 1766 943 1828 Ad·
1039 1766 1088 1828 14.
1112 1764 1204 1838 Quod
1230 1763 1367 1827 verbum
1390 1779 1465 1826 cum
1493 1779 1555 1826 rex
1585 1763 1795 1826 remordente

140 1863 552 1941 venientererotempore
565 1863 779 1937 Pascbali,ut
792 1863 943 1926 aestivum
997 1863 1202 1926 couscientia
1230 1863 1410 1939 denegaret
1437 1862 1568 1933 facere,
1595 1856 1795 1939 etpopulus

141 1975 264 2024 cauma
278 1960 326 2042 (1)
338 1961 469 2035 vitaret,
484 1961 642 2040 dispersit
652 1978 713 2040 per
724 1961 944 2039 circumposi-
997 1961 1151 2025 Pontifici
1164 1961 1347 2040 perplures
1367 1960 1439 2022 dies
1460 1960 1675 2023 veliementer
1688 1960 1796 2022 insta-

139 2059 196 2121 tas
209 2059 359 2123 ciuitates
371 2061 566 2133 exercitum,
583 2060 617 2122 et
637 2059 710 2137 ipse
729 2059 765 2121 iii
777 2058 942 2121 Lombar-
995 2058 1589 2138 ret,utabsquesatisfactibneregem
1600 2057 1793 2134 susciperet,

140 2155 234 2219 diam
246 2174 322 2219 cum
334 2157 449 2236 paucis
461 2157 584 2220 reverti
597 2157 737 2233 studuit3
749 2156 943 2219 (imbertum
997 2160 1031 2221 et
1048 2158 1203 2220 Pontifex
1225 2156 1267 2219 ad
1282 2172 1397 2218 eorum
1418 2172 1525 2218 caecas
1534 2171 1649 2233 preces
1661 2155 1797 2217 omuino

139 2269 226 2317 vero
250 2255 336 2333 apud
366 2254 539 2317 Tiburtum
565 2254 701 2326 dimisit,
722 2255 755 2316 et
779 2255 943 2317 exercitui
997 2255 1208 2333 permaneret
1228 2253 1418 2325 immobilis,
1435 2269 1497 2315 rex
1515 2253 1676 2330 paulatim
1696 2252 1795 2330 coepit

139 2367 206 2414 suo
218 2351 378 2429 praefecit,
395 2351 463 2430 qui,
481 2351 662 2429 postposito
677 2350 875 2424 sacerdotio,
885 2367 945 2428 per
997 2352 1191 2431 popularem
1206 2351 1354 2413 fauorem
1371 2351 1511 2428 pecunia
1530 2353 1564 2412 ot
1583 2351 1712 2413 terrore
1731 2349 1795 2411 sihi

138 2448 391 2511 incumbentem
406 2449 554 2511 aestatem
566 2464 666 2525 agros
679 2449 713 2510 et
728 2448 856 2525 segetes
871 2451 943 2511 Ro·
998 2450 1182 2528 acquirere.
1201 2448 1293 2521 Quod
1308 2449 1344 2511 ut
1356 2447 1511 2511 Pontifex
1524 2448 1698 2510 manifeste
1711 2464 1794 2525 cog·

138 2561 322 2608 manorum
346 2545 506 2619 vastarit,
527 2545 561 2608 et
583 2546 651 2608 alia
670 2546 758 2607 mala
785 2547 944 2625 tanquam
998 2548 1100 2621 norit,
1111 2547 1151 2610 de
1163 2547 1348 2610 constantia
1360 2546 1472 2624 populi
1483 2546 1792 2624 prorsusdiflldens,

89 2696 93 2705 .
139 2642 200 2704 vir
222 2643 423 2719 sanguinum
444 2643 569 2706 eisdem
593 2644 752 2706 Romanis
778 2643 944 2707 hostiliter
997 2647 1034 2707 iu
1044 2645 1344 2708 castroflresceutii
1357 2660 1393 2705 se
1403 2661 1479 2706 cum
1493 2644 1650 2706 fratribus
1663 2644 1733 2705 suis
1744 2659 1795 2706 re·

140 2739 269 2803 intullt
294 2739 360 2811 Sic,
380 2741 479 2803 tertio
499 2756 629 2820 quoque
650 2757 751 2813 aune,
771 2741 859 2804 idem
882 2758 944 2803 rex
997 2744 1175 2822 cepitltex
1186 2743 1310 2820 itaque,
1325 2742 1482 2821 quoniam
1495 2742 1651 2820 populum
1667 2744 1794 2805 Rorna-

142 2836 187 2899 ad
210 2835 427 2899 obsidendam
449 2840 589 2901 Romam
612 2854 767 2901 reversus
791 2839 863 2901 est:
883 2840 942 2900 sed
997 2839 1795 2902 uuinaduoluntatemsuamindubitanterattra-

142 2934 224 3013 quia
247 2934 393 3012 seipsum
416 2936 738 2999 excommunicatum
761 2952 782 2998 a
805 2936 943 2998 Clunia·
996 2936 1793 3015 xerattluibertuminSededpostolicariolen·

143 3032 237 3095 censi
252 3032 370 3096 abbate
383 3030 433 3113 (a)
446 3033 545 3112 atque
564 3033 642 3095 aliis
656 3034 824 3111 religiosis
837 3036 941 3096 Deum
996 3037 1047 3099 ter
1071 3036 1217 3099 intrusit.
1233 3035 1298 3098 Sed
1326 3052 1401 3098 cum
1415 3036 1456 3097 de
1479 3038 1627 3098 Romana
1651 3035 1794 3097 ecclesia

143 3129 337 3194 timentibus
360 3146 421 3209 pro
449 3132 540 3194 certo
565 3130 681 3193 baberi
708 3130 878 3208 cognorit,
906 3134 942 3195 ut
997 3135 1125 3196 nullum
1153 3134 1345 3212 episcopum
1367 3133 1420 3195 vel
1453 3132 1657 3194 cardinalem
1682 3134 1795 3210 posset

144 3244 261 3291 eorum
287 3228 532 3307 simplicitatem
555 3230 676 3291 melius
699 3229 942 3292 circumuenire
997 3232 1131 3303 babere,
1154 3230 1403 3301 aBouonieusi,
1424 3232 1457 3290 et
1480 3229 1671 3303 Mutinensi,
1694 3230 1794 3308 atque

144 3326 267 3404 posset,
285 3325 327 3388 ad
346 3325 468 3389 callida
488 3343 525 3388 se
546 3329 744 3404 argumenta
766 3327 941 3390 convertit.
997 3329 1168 3391 cerviensi
1192 3326 1240 3408 (o)
1267 3327 1567 3413 pseudoepiscopis
1594 3327 1673 3389 fecit
1699 3342 1792 3400 euin,

145 3426 226 3487 Post
238 3425 425 3503 captionem
437 3425 549 3502 itaque
566 3423 728 3487 Ostiensis
748 3423 896 3502 episcopi
911 3424 944 3486 et
998 3425 1179 3486 secundum
1194 3423 1467 3486 consuetudinem
1474 3427 1697 3485 Romanorum
1704 3426 1794 3486 Pon-

143 3522 288 3584 aliorum
301 3523 491 3595 multorum,
506 3536 589 3599 quos
602 3521 760 3600 praecepit
776 3520 943 3583 absolutos
997 3523 1135 3595 titicum,
1151 3521 1385 3585 execrabiliter
1407 3521 1559 3584 benedici
1574 3543 1581 3582 :
1598 3524 1632 3584 et
1651 3522 1687 3584 in
1710 3521 1794 3584 festo

143 3616 278 3690 dimitti,
288 3620 599 3683 uniuersisRomam
611 3618 944 3681 risitarevolentibus
999 3620 1171 3683 Pascbatis
1188 3620 1229 3682 ab
1244 3620 1359 3682 eodem
1372 3620 1529 3684 Guiberti
1551 3620 1683 3698 imperii
1697 3635 1796 3683 coro·

143 3719 276 3780 firmam
291 3719 504 3781 securitatem
525 3716 626 3791 dedit,
642 3732 742 3796 quam
752 3719 944 3795 juramento
998 3736 1075 3783 nam
1088 3718 1297 3797 impudenter
1317 3720 1520 3796 assumpsit:
1535 3720 1609 3797 post
1628 3720 1793 3782 modicum

143 3816 277 3895 publice
291 3816 517 3890 confirmavit3
533 3816 566 3878 et
586 3816 622 3877 ut
635 3814 830 3893 popularem
844 3815 943 3878 faro·
997 3834 1077 3881 vero
1103 3818 1144 3879 ad
1173 3816 1378 3879 obsidionem
1404 3818 1511 3880 Castri
1536 3815 1582 3897 (c)
1611 3817 1794 3881 crescentii

143 3930 216 3977 rem
238 3914 374 3977 omnino
397 3912 656 3992 consequeretur
678 3913 712 3976 et
733 3912 888 3990 gratiam,
908 3913 943 3974 ln
999 3916 1172 3978 universos
1187 3916 1355 3977 Romanos
1369 3915 1539 3977 conduxit.
1557 3916 1711 3977 Pontifex
1730 3932 1795 3976 au-

142 4011 278 4090 publico
292 4011 378 4074 dixit
391 4010 477 4090 quod
490 4027 510 4072 a
523 4010 661 4072 domino
675 4011 836 4088 Gregorio
852 4013 943 4088 Papa
997 4016 1075 4088 tem,
1089 4013 1176 4077 sicut
1193 4014 1246 4076 vir
1268 4015 1385 4076 cautus
1406 4016 1439 4076 et
1460 4013 1629 4091 providus,
1641 4015 1713 4090 jam
1737 4011 1795 4073 diu

142 4108 332 4188 imperialis
352 4124 485 4171 coronae
511 4108 704 4185 dignitatem
725 4108 826 4171 vellet
848 4107 943 4170 acci·
998 4110 1178 4176 Robertum
1191 4110 1378 4183 Guiscardi,
1399 4110 1570 4186 egregium
1585 4111 1797 4171 Normauno-

143 4223 236 4287 pere.
266 4206 358 4280 Quod
389 4208 564 4286 postquam
597 4205 738 4284 populus
775 4208 944 4269 Romanus
998 4207 1797 4281 rumducem,sollicitarestiiduerat,utiumauu

126 4300 222 4368 'cum
231 4304 400 4382 religiosis
409 4304 491 4366 uiris
504 4303 642 4375 audivit,
657 4319 724 4364 nou
734 4303 946 4365 mediocriter
999 4306 1111 4369 ualida
1136 4307 1252 4368 contra
1277 4305 1405 4366 illatam
1429 4305 1493 4365 sibi
1520 4305 1736 4376 violentiam,
1764 4304 1798 4366 el

144 4403 252 4466 laetati
266 4403 344 4465 sunt
358 4417 489 4478 omnes;
506 4401 539 4463 et
560 4400 601 4461 ad
614 4400 755 4476 vestigia
775 4400 945 4462 Pontificis
1000 4404 1151 4483 potenter
1171 4404 1396 4476 succurrerem
1411 4417 1507 4479 quem
1523 4401 1564 4461 ad
1587 4401 1692 4478 ipsius
1713 4400 1799 4462 libe-

144 4499 409 4580 lacrimabiliter
420 4498 627 4571 accedentes,
641 4497 751 4575 ipsum
774 4513 848 4559 cuin
869 4513 945 4559 ma·
1000 4500 1164 4564 rationein
1190 4516 1266 4561 cum
1289 4499 1435 4560 maximo
1466 4497 1617 4559 exercitu
1644 4497 1799 4562 celeriter

196 4729 225 4804 l)
244 4727 607 4805 ramgrindecmicur.
658 4688 690 4809 ⁶·
770 4797 776 4810 ,
889 4798 895 4810 .
1002 4728 1094 4788 riensi
1111 4726 1293 4785 luccianum
1306 4724 1466 4810 substituit..
1478 4725 1525 4809 qui
1540 4732 1638 4810 posset
1651 4724 1739 4785 fuisse
1748 4727 1801 4786 iic·

196 4806 228 4879 c)
247 4804 276 4862 S.
290 4803 372 4885 liupo
382 4799 578 4883 ctuiiiaceiuts
590 4796 638 4882 bic
653 4796 714 4881 fuit,
728 4805 947 4882 cupusgratiaiii
1001 4801 1120 4867 colinus,
1131 4812 1208 4856 anno
1219 4798 1299 4881 illiti,
1309 4797 1444 4854 Pcclcsioe
1459 4805 1505 4880 isti
1518 4797 1674 4870 presidens
1687 4815 1694 4856 :
1708 4797 1745 4855 ab
1755 4798 1802 4857 bis

146 4891 234 4949 quain
249 4871 425 4957 supplicibus
436 4870 538 4954 biteris
552 4868 844 4954 ambivaritsiinulate
855 4884 945 4953 poeui·
1003 4878 1098 4955 autem
1113 4876 1326 4953 execrationem
1339 4876 1531 4951 suauipotuis
1548 4884 1634 4953 quain
1646 4884 1798 4929 cousecra-

148 4955 212 5005 teus
224 4948 376 5012 ilenricui,
388 4954 590 5027 maximorum
606 4947 692 5068 eregit
712 4940 801 4998 tlliuin
821 4940 874 4997 sibi
894 4956 946 5025 op·
1004 4951 1110 5001 tionem
1126 4948 1236 5013 accepit
1249 4940 1411 5007 Guibcrius,
1428 4942 1620 5023 iun-boiuiniea
1638 4942 1801 4999 Palmeruni

148 5009 950 5147 ⁹⁰⁸⁵¹¹¹ll⁰lbll¹uttllllanillbtillttl
1003 5011 1474 5154 cirillaintricatur
1490 5028 1498 5069 ²
1515 5012 1704 5069 ,nm
1723 5013 1801 5071 m.

148 5092 243 5234 ffqb'e
266 5101 438 5238 &eginense
458 5152 676 5222 monasterium,
692 5153 733 5210 uti
752 5151 789 5210 ad
805 5168 853 5211 un.
868 5154 949 5225 1083,
1041 5156 1079 5228 (c)
1098 5154 1324 5237 lfotcrilitriuiii
1345 5153 1512 5234 antiquitus,
1525 5150 1629 5235 deinde
1652 5153 1679 5209 S.
1698 5152 1802 5224 Aureli

148 5246 230 5290 nuni.
248 5223 554 5310 lb,Barouiusdocet.
672 5294 679 5306 .
737 5293 743 5307 ι
849 5294 854 5306 Ι
1004 5224 1612 5310 siibtlrcgorioldicicmpta,oilccusqiie
1626 5229 1800 5305 posteribu-

185 5302 225 5387 (ὁ)
246 5302 337 5360 lirant
353 5298 382 5355 bi
394 5296 554 5379 sigefridus
570 5296 771 5363 bononiensis,
784 5294 950 5353 floribertus
1006 5296 1160 5356 ultionibus
1172 5301 1315 5363 castrum;
1329 5304 1358 5353 ct
1372 5310 1448 5352 anuo
1463 5241 1525 5355 385,
1540 5292 1576 5349 ab
1587 5307 1623 5349 co
1638 5308 1685 5363 qui
1703 5301 1803 5374 postea

149 5368 505 5433 Mutinenstszdciuieaiis
514 5380 619 5424 nomen
634 5365 791 5493 tffioratur,
799 5363 951 5424 deficiente
1006 5370 1099 5443 ipsum
1115 5366 1197 5424 uoris
1211 5368 1346 5440 oporibus
1357 5364 1555 5431 coiuuiuulrit,
1568 5363 1725 5420 crementio
1744 5366 1806 5423 Nu·

149 5445 249 5519 episco
290 5455 352 5499 ium
375 5439 449 5496 serie
474 5436 510 5495 ab
533 5435 645 5494 auriol
684 5436 843 5509 ⁹,quendo
864 5438 951 5496 scitur
1004 5433 1807 5519 maturanensidiiiieunttciuiuppurcieilumbec

149 5530 237 5590 quern
260 5527 307 5572 ain
322 5507 573 5578 bonumrisisse(
595 5507 623 5564 iit
641 5505 713 5564 lorte
728 5521 818 5581 usquc
832 5506 949 5566 buesu·
1005 5518 1090 5569 atate
1118 5507 1244 5567 tenebat.
1267 5509 1305 5567 Os
1327 5520 1459 5580 argensis
1484 5507 1807 5589 uerrucarum-siclum

149 5584 271 5662 perluit)
285 5581 322 5642 ud
344 5594 450 5640 aunum
466 5579 546 5640 llol.
560 5523 685 5639 bicotus
702 5585 798 5638 uuteui
813 5593 864 5653 pro
883 5581 949 5640 Cer·
1006 5579 1261 5653 crescentii,quod
1274 5524 1360 5651 raige
1375 5576 1477 5634 domus
1487 5573 1656 5633 llicodorici
1669 5575 1805 5638 dicitur.»
