3960 6188
202 270 264 332 963
667 272 845 335 HONORII
866 273 911 334 111
933 273 1082 336 oraha.
1096 303 1136 319 -
1152 274 1387 337 SERMONES.
1798 280 1866 345 sot
1970 332 1971 335 ,

202 432 284 503 lior,
309 432 345 495 tu
369 431 439 493 sola
460 430 655 511 jucundior,
683 431 719 495 tu
748 432 820 494 sola
846 433 1000 509 suavium
1055 436 1205 499 exortem
1222 440 1379 500 animem
1394 451 1508 509 mmm,
1528 437 1564 503 el
1580 452 1661 500 cum
1680 441 1867 503 εθεῖσαῖῖε

203 529 373 610 plenitudo
402 528 564 611 siquidem
597 529 682 608 legis
711 532 761 593 θεῖ
789 531 937 601 dilectio,
961 547 1001 594 eo
1055 534 1238 608 depietatis
1252 536 1321 607 est,
1345 536 1379 597 el
1402 539 1476 610 ipse
1496 537 1642 611 peccata
1668 539 1866 600 mutorum

203 629 290 709 quod
307 629 417 690 omnis
431 626 488 689 lex
505 629 540 689 iu
556 628 659 691 uerbo
677 630 850 692 charitatis
867 631 1000 693 instan-
1056 632 1292 711 iulit(ls.1u11,
1309 631 1373 713 12),
1390 634 1423 695 et
1436 650 1499 711 pro
1512 634 1771 696 crucifixoribus
1787 637 1867 696 suis

203 728 309 800 ratur,
325 727 357 789 et
375 727 444 789 tota
459 726 515 788 lex
534 743 594 805 per
610 743 684 788 eam
699 727 866 806 impletur.
1055 730 1182 803 orarit,
1203 730 1318 793 dicens
1338 753 1346 792 :
1366 732 1491 804 Pater,
1511 735 1649 809 tprtosce
1670 736 1758 805 iltis,
1777 738 1865 808 putu

242 824 325 897 Quid
344 840 424 901 ergo
444 825 578 903 expedit
602 825 736 889 diversa
760 842 922 905 quaerere,
943 826 1001 891 ubi
1054 828 1211 889 nescium
1224 832 1306 903 quid
1316 829 1449 905 (accunt
1464 828 1560 909 (Luc.
1575 846 1676 903 xxm,
1692 829 1763 911 34).

202 923 308 984 omnis
328 923 623 985 consummationis
646 923 738 987 uidet
756 924 831 1002 quis
852 924 951 987 duem
968 927 1001 988 et
1094 925 1179 998 Quid
1193 926 1334 989 dicimus
1348 927 1390 988 de
1403 929 1679 1006 perseuerantiat
1692 932 1867 992 Perseve-

201 1021 468 1099 completionem,
496 1021 641 1093 scilicet,
667 1021 772 1083 latum
806 1023 1000 1085 mandatum
1055 1023 1198 1086 rentiam
1232 1025 1397 1103 siquidem
1430 1026 1593 1087 Dominus
1626 1041 1688 1087 ore
1720 1028 1863 1105 proprio

201 1118 505 1182 charitatisnimisl
524 1119 705 1196 Siquidem
726 1120 755 1180 si
771 1121 873 1182 lotam
893 1120 1000 1197 legem
1055 1121 1315 1197 commendavit,
1345 1122 1483 1185 diceus:
1508 1127 1589 1187 Non
1616 1127 1679 1199 qut
1700 1127 1862 1200 eoeperu,

201 1217 274 1295 quis
288 1216 482 1291 servaverit,
497 1216 765 1279 offendatautem
778 1218 814 1279 in
827 1234 1001 1279 nnuman·
1053 1223 1113 1281 scd
1126 1223 1185 1296 put
1194 1222 1478 1296 perseveraverit
1491 1223 1785 1297 usqueinfinem,
1804 1226 1863 1285 liic

201 1314 277 1377 dato
304 1314 492 1387 charitatis,
522 1314 629 1378 laeuis
655 1317 706 1377 est
732 1315 880 1379 omnium
908 1332 1000 1390 reus,
1053 1316 1392 1397 salousertlfflatth.
1404 1318 1511 1399 132).
1520 1320 1782 1382 perseverantia
1791 1319 1861 1382 duo

201 1429 275 1475 cum
291 1429 355 1495 qua
377 1429 443 1474 non
458 1414 567 1491 potest
581 1413 703 1491 aliquis
723 1417 791 1476 Deo
809 1414 998 1492 displicere,
1055 1414 1148 1478 notat
1176 1437 1184 1477 ε
1213 1416 1524 1490 continuationem,
1567 1418 1601 1481 et
1642 1432 1863 1479 consumma·

201 1512 279 1593 qula
294 1510 442 1574 charitas
463 1511 570 1590 operit
584 1511 829 1574 multitudinem
843 1515 1001 1591 peccato-
1053 1512 1178 1574 tionem
1194 1537 1202 1590 ;
1235 1513 1532 1587 continuationem,
1549 1514 1738 1577 secundum
1774 1514 1860 1575 illud

200 1626 286 1684 rum,
304 1611 336 1671 θῖ
351 1610 424 1671 sine
439 1626 503 1688 qua
518 1625 585 1671 non
600 1610 708 1688 potest
723 1609 755 1672 ei
768 1611 889 1689 aliquis
904 1628 998 1673 com·
1054 1610 1206 1673 Isidori:
1242 1628 1262 1673 c
1298 1613 1374 1674 Non
1410 1612 1645 1675 inchoantibus
1680 1612 1862 1690 premium

200 1708 344 1785 placere.
365 1709 462 1781 Nam,
482 1708 510 1769 si
533 1707 740 1770 distribuerit
757 1709 832 1787 quis
851 1708 887 1770 in
908 1709 1000 1771 cibos
1054 1709 1277 1785 promittitur,
1318 1709 1376 1795 sed
1411 1710 1707 1788 perseverantibus
1746 1709 1861 1771 datur.

201 1821 383 1883 pauperum
399 1821 513 1867 omues
526 1805 701 1868 facultates
715 1822 804 1881 suas,
822 1807 854 1868 et
868 1806 998 1871 habue-
1054 1805 1231 1868 Multorum
1245 1807 1335 1869 enim
1348 1809 1401 1871 est
1415 1808 1575 1886 incipere,
1595 1809 1654 1870 sed
1668 1824 1860 1887 paucorum

200 1903 245 1966 rit
268 1918 398 1964 omnem
420 1903 518 1964 iidem
542 1904 604 1976 ita,
631 1903 776 1976 scilicet,
807 1904 843 1965 ut
871 1907 999 1967 montes
1053 1920 1279 1981 perseverare.
1301 1905 1462 1969 Illabene
1479 1906 1643 1979 immolat,
1659 1907 1717 1985 qui
1743 1906 1861 1969 sacri-

203 2000 392 2075 transserat,
415 2003 448 2063 et
470 2001 646 2063 tradiderit
665 2017 785 2079 corpus
809 2018 904 2063 suum
928 2003 999 2079 igni
1053 2003 1166 2063 ficium
1189 2003 1267 2064 honi
1286 2005 1397 2082 operis
1418 2021 1524 2083 nsque
1545 2005 1581 2066 in
1609 2005 1713 2066 linem
1736 2003 1861 2065 debitae

199 2100 246 2162 ita
262 2099 298 2162 ut
312 2099 438 2172 ardeat,
455 2098 651 2161 charitatem
664 2101 775 2163 autem
788 2115 854 2162 non
870 2099 999 2161 hahue-
1054 2100 1204 2178 perducit
1227 2102 1380 2164 actionis.
1404 2120 1423 2162 a
1452 2104 1493 2164 Et
1519 2103 1691 2164 Isidorus:
1719 2120 1739 2162 ‹
1766 2105 1860 2163 lunc

198 2197 253 2271 rit,
277 2197 324 2259 nil
342 2197 374 2259 ei
388 2197 534 2277 prodest,
551 2197 691 2269 scilicet,
711 2197 753 2261 ad
773 2198 876 2261 uitam
896 2200 998 2260 aeter·
1054 2199 1142 2260 enim
1165 2199 1275 2277 placet
1292 2202 1359 2263 Deo
1381 2201 1499 2262 nostra
1525 2200 1703 2262 conversio
1723 2200 1861 2278 quando

198 2311 288 2358 nam.
1053 2294 1175 2357 bonum
1192 2297 1279 2373 quod
1293 2296 1500 2368 inchoamus,
1519 2298 1778 2374 perseueranter
1791 2296 1859 2356 line

240 2391 391 2455 Secundo
419 2393 494 2454 loco
514 2393 649 2471 ponitur
672 2394 712 2455 de
734 2392 935 2462 obedientia,
958 2392 999 2454 de
1053 2391 1446 2470 complemus.»130nu1n
1469 2408 1634 2471 ergeuen
1657 2393 1858 2471 increpisse,

200 2507 265 2573 qua
274 2491 435 2554 Dominus
446 2491 494 2553 ait
508 2511 515 2552 :
531 2494 610 2554 Non
625 2494 704 2554 vent
712 2493 828 2565 facere
840 2492 1000 2553 emulatu-
1054 2491 1112 2552 sed
1131 2491 1311 2568 perfecisse
1334 2492 1442 2554 uirtus
1462 2491 1523 2554 est.
1554 2494 1696 2570 Semper
1719 2492 1757 2552 in
1783 2491 1856 2552 rita

200 2591 269 2652 iem
283 2592 484 2661 cicumeat
500 2590 710 2651 volucritetem
726 2592 885 2662 ejusce
903 2589 999 2651 eremit
1053 2589 1201 2651 hominis
1227 2589 1304 2650 fluis
1331 2589 1531 2668 quaerendus
1555 2590 1618 2661 est,
1648 2582 1739 2666 quia,
1769 2590 1861 2650 ment

199 2702 254 2747 ape
270 2685 379 2765 (ioan.
396 2702 441 2757 vr,
455 2685 523 2765 38).
534 2688 573 2748 nt
586 2686 764 2765 Apostolus
781 2707 788 2747 ε
804 2688 933 2749 Factus
947 2687 998 2747 est
1054 2686 1135 2750 dicit
1148 2686 1422 2750 Dominus:«Ubi
1432 2691 1466 2749 te
1476 2687 1706 2760 invenero,ibi
1718 2688 1753 2749 te
1761 2685 1859 2765 jndi-

200 2786 358 2845 obediens
367 2799 474 2857 usque
488 2788 533 2845 ed
544 2786 708 2857 oportent,
722 2784 871 2847 mortem
881 2784 1000 2846 eutem
1053 2785 1147 2846 cabo.
1170 2788 1253 2847 »Ex
1266 2784 1332 2846 llue
1358 2786 1448 2847 euim
1463 2801 1523 2847 sno
1543 2784 1776 2863 unusquisque
1797 2784 1858 2845 aut

198 2883 313 2942 crucis
325 2878 460 2959 (Philip.
478 2895 514 2953 11,
529 2879 696 2960 8).0mnis
710 2881 998 2943 homoexratioue
1049 2882 1263 2959 justificatur,
1279 2884 1337 2944 aut
1359 2883 1609 2945 condemnatur.
1633 2884 1857 2943 Consumma-

199 2978 296 3040 debet
313 2994 410 3040 suum
422 2978 612 3041 Creatorem
626 2993 820 3055 agnoscere,
842 2980 875 3040 et
893 2979 998 3055 ipsius
1052 2981 1178 3043 tionem
1188 2984 1298 3042 autem
1313 2980 1522 3042 commendat
1537 2980 1697 3042 Salomon
1708 2998 1717 3037 ε
1730 2982 1856 3042 Melior

198 3076 373 3156 praeceptis
388 3076 559 3138 humiliter
571 3076 717 3149 obedire,
735 3075 813 3153 quia
828 3092 925 3137 nemo
938 3092 1000 3153 po-
1052 3079 1105 3141 est
1116 3080 1197 3151 statis
1214 3080 1394 3151 orationis,
1407 3095 1511 3153 quam
1525 3082 1739 3155 menapum
1754 3078 1855 3151 (Eccl.

198 3176 263 3237 test
279 3175 329 3237 ire
341 3174 382 3236 ad
398 3175 539 3253 patriam
561 3174 628 3235 nisi
647 3190 707 3252 per
720 3174 809 3235 viam
824 3173 1000 3235 mandato-
1052 3190 1110 3248 vn,
1126 3173 1172 3255 9).
1182 3176 1258 3237 Non
1271 3177 1465 3253 quaeruntur
1478 3175 1515 3236 in
1527 3174 1731 3237 Christianis
1745 3174 1853 3243 initia,

199 3289 285 3342 rum,
298 3273 362 3335 hoc
375 3273 437 3346 est,
451 3272 685 3344 obedientiam,
699 3286 761 3333 uec
773 3271 881 3348 potest
896 3287 915 3332 a
930 3274 999 3334 Deo
1053 3273 1111 3334 sed
1134 3271 1221 3335 duis.
1238 3274 1323 3335 Nam
1338 3273 1443 3335 ludas
1456 3272 1540 3334 bene
1563 3272 1677 3351 coepit,
1688 3271 1749 3333 sed
1767 3271 1854 3333 male

199 3371 348 3448 recipere
366 3368 540 3449 praemium
560 3369 616 3447 qui
636 3369 769 3431 recusat
791 3371 871 3446 ejus,
886 3369 998 3430 serui·
1053 3369 1172 3440 finiuit,
1193 3370 1271 3449 quia
1289 3370 1439 3433 vendidit
1458 3373 1491 3432 et
1508 3368 1648 3432 tradidit
1671 3368 1853 3442 Christum,

200 3467 295 3529 tium.
312 3466 406 3530 Unde
419 3465 537 3539 David,
558 3468 595 3528 ut
608 3468 719 3544 posset
733 3466 901 3528 coelestem
920 3465 997 3543 glo·
1053 3472 1086 3531 et
1104 3469 1224 3547 laqueo
1247 3484 1285 3531 se
1302 3468 1485 3546 suspendit
1512 3466 1637 3529 Paulus
1662 3483 1747 3530 vero
1769 3467 1858 3529 male

199 3565 285 3627 riam
318 3564 390 3625 sine
424 3564 491 3627 tine
523 3564 707 3642 percipere,
740 3563 892 3626 studebat
923 3579 998 3624 cum
1053 3567 1163 3645 coepit,
1178 3566 1236 3629 sad
1251 3566 1469 3629 benefiniuit.
1491 3565 1585 3629 Unde
1606 3564 1860 3645 illeerangeli·

200 3661 363 3727 charitate
384 3664 452 3723 Deo
470 3662 596 3724 servire
615 3661 753 3723 dicens:
780 3665 877 3723 Viam
894 3676 998 3723 man·
1053 3681 1112 3727 cus
1138 3665 1189 3727 est
1225 3681 1246 3726 a
1279 3664 1420 3726 Domino
1452 3664 1603 3741 graviter
1636 3663 1855 3740 redargutus,

200 3760 363 3819 elatorum
375 3759 515 3819 tuorum
529 3765 670 3821 cumcurl
684 3758 753 3838 (Ρε.
771 3759 839 3834 118,
853 3756 919 3839 32).
935 3758 999 3819 Via
1054 3763 1132 3839 quia
1147 3761 1247 3838 coepit
1260 3760 1438 3833 aedificare,
1454 3760 1488 3822 et
1499 3776 1567 3822 non
1579 3760 1687 3838 potuit
1698 3775 1858 3822 consum·

200 3854 431 3918 mandatorum
453 3855 576 3916 dicitur
590 3855 794 3931 ohedientia;
816 3857 895 3934 quia
914 3855 1000 3917 sicut
1052 3873 1156 3920 mare.
1179 3857 1287 3935 Magis
1307 3873 1387 3922 uero
1410 3855 1623 3935 gaudendum
1635 3857 1688 3918 est
1703 3856 1747 3918 de
1766 3871 1852 3917 con·

201 3951 300 4015 horno
321 3968 382 4031 per
403 3951 492 4015 viam
516 3950 609 4015 vadit
629 3952 670 4014 ad
694 3953 848 4031 patriam,
871 3952 919 4015 ita
939 3968 999 4030 per
1053 3956 1283 4017 summationis
1307 3971 1420 4033 opere,
1449 3970 1549 4032 quam
1573 3953 1617 4016 de
1638 3954 1855 4032 incoeptioue.

201 4050 422 4112 obedientiam
445 4051 537 4113 vadit
555 4049 596 4112 ad
616 4051 768 4127 gloriam.
790 4049 920 4113 ntideo
942 4051 998 4129 qui
1054 4053 1148 4114 Unde
1162 4051 1482 4128 decimaediguiores
1499 4053 1588 4124 sunt,
1605 4052 1640 4113 et
1653 4051 1759 4129 magis
1772 4050 1853 4128 pla·

202 4148 252 4209 est
266 4148 459 4210 extrariam
468 4148 710 4222 mandatorum,
723 4164 791 4213 non
803 4148 910 4226 potest
921 4164 1000 4226 per·
1053 4150 1129 4212 cent
1150 4152 1218 4212 Deo
1237 4164 1336 4228 quarn
1351 4147 1518 4226 primitiae.
1541 4148 1629 4210 Nam
1650 4148 1787 4210 decimae
1809 4146 1856 4207 si·

200 4246 316 4308 venire
335 4246 377 4307 ad
396 4262 535 4323 reguum
556 4246 726 4321 coelorum,
753 4247 811 4308 sed
834 4247 999 4325 perhanc
1053 4246 1213 4323 gnificant
1240 4244 1578 4317 consummationem,
1607 4244 1766 4329 primitiae
1793 4258 1858 4305 au-

199 4344 288 4407 riam
303 4343 423 4406 debent
433 4344 516 4423 justi
531 4360 678 4417 currere,
686 4344 950 4416 idestvelociter
964 4343 998 4405 in
1052 4345 1120 4407 tem
1132 4344 1277 4405 initium.
1292 4342 1387 4405 Unde
1398 4357 1473 4405 cum
1487 4356 1603 4403 omnes
1617 4340 1763 4404 virtutes
1776 4355 1858 4402 cur-

200 4443 354 4504 omnibus
372 4442 522 4515 obedire,
543 4444 576 4505 et
598 4442 715 4505 tollere
736 4458 869 4505 crucem
890 4458 995 4514 suam,
1052 4442 1129 4505 rant
1145 4441 1187 4502 ad
1208 4440 1371 4513 bravium,
1394 4438 1467 4502 sola
1486 4439 1742 4521 perseverantia
1758 4452 1858 4501 θοτο-

199 4541 233 4602 θῖ
247 4541 340 4618 sequi
359 4540 537 4603 Christum.
557 4540 640 4612 Quia
662 4556 741 4618 ergo
756 4539 907 4601 Christus
927 4539 999 4624 lac·
1053 4540 1162 4601 natur.
1192 4551 1197 4559 ·

199 4638 253 4698 tus
274 4640 324 4699 est
343 4637 501 4699 obediens
523 4654 629 4715 usque
650 4638 691 4699 ad
716 4639 856 4700 mortem
876 4637 997 4710 crucis,
1093 4635 1282 4699 Notandum
1320 4634 1381 4708 est,
1411 4633 1498 4713 quod
1527 4636 1579 4696 est
1601 4632 1855 4715 perseverantia

200 4735 237 4795 ut
251 4750 337 4796 uuus
352 4752 412 4812 pro
423 4735 575 4797 omnihus
590 4735 754 4813 gustando
767 4736 917 4808 mortem,
932 4751 999 4796 om·
1052 4734 1143 4806 boni,
1161 4735 1196 4797 et
1215 4733 1463 4811 perseverantia
1476 4731 1570 4805 mali,
1588 4731 1760 4805 videlicet,
1779 4734 1857 4808 jus-

138 4906 141 4915 ,
199 4846 260 4894 nes
288 4846 308 4892 a
336 4837 442 4893 morte
462 4836 622 4911 perpetua
649 4833 817 4905 liberaret,
845 4834 878 4896 et
902 4831 998 4894 nobis
1053 4833 1163 4895 torum
1186 4834 1219 4894 et
1245 4831 1473 4909 reproborum.
1499 4830 1759 4891 perseverantia
1776 4827 1852 4889 boui

200 4944 294 5006 spem
321 4931 577 4992 resurrectionis
603 4933 636 4994 et
663 4931 780 5009 gloriae
805 4931 996 5008 largiretur.
1053 4933 1103 4993 est
1117 4931 1239 5007 virtus3
1254 4926 1609 5006 perseverantiamali,
1622 4927 1753 4989 vitium.
1767 4927 1853 4987 Per·

62 5024 68 5035 ’
123 5016 139 5043 ’·
200 5028 361 5105 Maiorem
391 5025 612 5089 obedientiam
639 5045 736 5092 nemo
762 5030 835 5107 ipso
865 5028 996 5101 habuit,
1053 5027 1242 5090 severantia
1264 5026 1431 5105 justorum
1459 5027 1510 5088 est
1530 5040 1668 5087 caruem
1694 5024 1853 5095 vincere,

201 5125 258 5204 qul
280 5126 424 5186 animam
449 5141 544 5187 suam
564 5126 674 5203 posuit
695 5143 754 5204 pro
776 5127 893 5190 amicis
915 5125 996 5197 suis,
1053 5126 1206 5204 proprias
1222 5125 1410 5188 voluntates
1424 5123 1478 5187 vel
1498 5122 1690 5201 voluptates
1706 5122 1851 5194 calcare,

201 5223 291 5299 quia,
308 5239 382 5284 cum
402 5238 551 5284 essemus
569 5224 691 5286 mortui
710 5225 746 5285 in
767 5225 923 5302 peccatis,
945 5224 999 5289 vi·
1053 5224 1307 5286 delectationem
1330 5222 1409 5285 uitae
1434 5221 1610 5301 praesentis
1639 5219 1853 5296 extinguere,

200 5319 349 5382 vilicavit
363 5336 423 5382 nos
436 5337 495 5399 per
506 5323 645 5384 mortem
661 5338 755 5385 suam
770 5322 894 5395 delens,
911 5321 997 5400 quod
1053 5322 1154 5401 hujus
1179 5321 1294 5385 mundi
1314 5335 1433 5398 aspera
1459 5334 1520 5397 pro
1546 5317 1682 5380 aeternis
1699 5316 1852 5395 praemiis

202 5416 362 5478 aduersus
386 5434 447 5479 nos
471 5421 555 5492 erat,
579 5419 837 5497 chirographum
861 5419 997 5493 decreti,
1053 5436 1178 5494 amare,
1195 5418 1426 5498 prosperitatis
1444 5416 1672 5478 blandimenta
1696 5416 1851 5484 contem-

203 5515 329 5589 peccati
342 5514 508 5589 videlicet,
527 5518 560 5580 et
577 5517 704 5590 mortis,
725 5518 811 5595 quod
827 5518 899 5579 erat
913 5534 998 5580 con·
1054 5534 1146 5588 nere,
1171 5518 1390 5580 adversitates
1409 5516 1446 5578 in
1471 5515 1571 5578 corde
1595 5513 1754 5577 tolerare.
1773 5515 1852 5575 Haec

204 5609 343 5673 trariuln
362 5610 468 5674 nobis.
495 5612 588 5677 Unde
616 5615 753 5679 isaias:
782 5616 936 5681 Tradidit
962 5619 998 5678 lu
1053 5609 1849 5701 perseverantiaeratinapostolomumdicebat:
