<?xml version="1.0" encoding="UTF-8"?>
<!DOCTYPE html PUBLIC "-//W3C//DTD XHTML 1.0 Transitional//EN"
    "http://www.w3.org/TR/xhtml1/DTD/xhtml1-transitional.dtd">
<html xmlns="http://www.w3.org/1999/xhtml" xml:lang="en" lang="en">
 <head>
  <title>
</title>
<meta http-equiv="Content-Type" content="text/html;charset=utf-8" />
  <meta name='ocr-system' content='tesseract 3.04.00' />
  <meta name='ocr-capabilities' content='ocr_page ocr_carea ocr_par ocr_line ocrx_word'/>
</head>
<body>
  <div class='ocr_page' id='page_1' title='image "./mediiaevibiblio07bottgoog_0088.png"; bbox 0 0 3996 6196; ppageno 0'>
   <div class='ocr_carea' id='block_1_1' title="bbox 141 184 1793 261">
    <p class='ocr_par' dir='ltr' id='par_1_1' title="bbox 141 184 1793 261">
     <span class='ocr_line' id='line_1_1' title="bbox 141 184 1793 261; baseline 0.009 -15"><span class='ocrx_word' id='word_1_1' title='bbox 141 184 184 246; x_wconf 69' lang='grc'><strong>97</strong></span> <span class='ocrx_word' id='word_1_2' title='bbox 738 190 895 261; x_wconf 81' lang='lat' dir='ltr'><strong>QUINTA</strong></span> <span class='ocrx_word' id='word_1_3' title='bbox 910 192 1173 257; x_wconf 70' lang='lat' dir='ltr'><strong>colombario.</strong></span> <span class='ocrx_word' id='word_1_4' title='bbox 1752 200 1793 261; x_wconf 82' lang='lat'><strong>98</strong></span> 
     </span>
    </p>
   </div>
   <div class='ocr_carea' id='block_1_2' title="bbox 133 367 1854 1915">
    <p class='ocr_par' dir='ltr' id='par_1_2' title="bbox 135 367 1854 1816">
     <span class='ocr_line' id='line_1_2' title="bbox 141 367 1854 455; baseline 0.006 -21"><span class='ocrx_word' id='word_1_5' title='bbox 141 368 401 448; x_wconf 75' lang='lat' dir='ltr'><strong>compilationes</strong></span> <span class='ocrx_word' id='word_1_6' title='bbox 415 367 580 445; x_wconf 76' lang='lat' dir='ltr'><strong>congesta</strong></span> <span class='ocrx_word' id='word_1_7' title='bbox 594 369 681 440; x_wconf 89' lang='lat' dir='ltr'><strong>sunt,</strong></span> <span class='ocrx_word' id='word_1_8' title='bbox 705 368 840 433; x_wconf 89' lang='lat' dir='ltr'><strong>illorum</strong></span> <span class='ocrx_word' id='word_1_9' title='bbox 854 372 943 435; x_wconf 83' lang='lat' dir='ltr'><strong>tem·</strong></span> <span class='ocrx_word' id='word_1_10' title='bbox 999 372 1147 436; x_wconf 80' lang='lat' dir='ltr'><strong>examini</strong></span> <span class='ocrx_word' id='word_1_11' title='bbox 1159 371 1217 436; x_wconf 92' lang='lat' dir='ltr'><strong>tuo</strong></span> <span class='ocrx_word' id='word_1_12' title='bbox 1227 372 1432 436; x_wconf 86' lang='lat' dir='ltr'><strong>emendanda</strong></span> <span class='ocrx_word' id='word_1_13' title='bbox 1451 374 1485 438; x_wconf 92' lang='lat' dir='ltr'><strong>et</strong></span> <span class='ocrx_word' id='word_1_14' title='bbox 1496 376 1723 455; x_wconf 84' lang='lat' dir='ltr'><strong>dispungenda</strong></span> <span class='ocrx_word' id='word_1_15' title='bbox 1735 397 1792 444; x_wconf 87' lang='lat' dir='ltr'><strong>re-</strong></span> <span class='ocrx_word' id='word_1_16' title='bbox 1847 372 1854 385; x_wconf 78' lang='grc'>’</span> 
     </span>
     <span class='ocr_line' id='line_1_3' title="bbox 140 466 1792 554; baseline 0.005 -24"><span class='ocrx_word' id='word_1_17' title='bbox 140 485 269 546; x_wconf 90' lang='lat' dir='ltr'><strong>porum</strong></span> <span class='ocrx_word' id='word_1_18' title='bbox 295 483 360 540; x_wconf 87' lang='lat' dir='ltr'><strong>res,</strong></span> <span class='ocrx_word' id='word_1_19' title='bbox 387 467 479 539; x_wconf 86' lang='lat' dir='ltr'><strong>lites,</strong></span> <span class='ocrx_word' id='word_1_20' title='bbox 507 467 543 529; x_wconf 90' lang='lat' dir='ltr'><strong>et</strong></span> <span class='ocrx_word' id='word_1_21' title='bbox 573 466 707 542; x_wconf 82' lang='lat' dir='ltr'><strong>negotia</strong></span> <span class='ocrx_word' id='word_1_22' title='bbox 734 468 941 542; x_wconf 79' lang='lat' dir='ltr'><strong>-antistitum,</strong></span> <span class='ocrx_word' id='word_1_23' title='bbox 998 471 1123 549; x_wconf 89' lang='lat' dir='ltr'><strong>linquo,</strong></span> <span class='ocrx_word' id='word_1_24' title='bbox 1140 472 1262 549; x_wconf 85' lang='lat' dir='ltr'><strong>praeter</strong></span> <span class='ocrx_word' id='word_1_25' title='bbox 1275 487 1315 533; x_wconf 89' lang='lat' dir='ltr'><strong>ea</strong></span> <span class='ocrx_word' id='word_1_26' title='bbox 1328 488 1402 549; x_wconf 87' lang='lat' dir='ltr'><strong>quae</strong></span> <span class='ocrx_word' id='word_1_27' title='bbox 1413 472 1501 535; x_wconf 90' lang='lat' dir='ltr'><strong>inter</strong></span> <span class='ocrx_word' id='word_1_28' title='bbox 1511 476 1710 554; x_wconf 80' lang='lat' dir='ltr'><strong>typographi</strong></span> <span class='ocrx_word' id='word_1_29' title='bbox 1724 495 1792 541; x_wconf 88' lang='lat' dir='ltr'><strong>ma·</strong></span> 
     </span>
     <span class='ocr_line' id='line_1_4' title="bbox 140 564 1790 647; baseline 0.005 -20"><span class='ocrx_word' id='word_1_30' title='bbox 140 567 346 645; x_wconf 82' lang='lat' dir='ltr'><strong>principum,</strong></span> <span class='ocrx_word' id='word_1_31' title='bbox 369 581 559 642; x_wconf 78' lang='lat' dir='ltr'><strong>regnorum,</strong></span> <span class='ocrx_word' id='word_1_32' title='bbox 581 564 724 638; x_wconf 89' lang='lat' dir='ltr'><strong>urbium,</strong></span> <span class='ocrx_word' id='word_1_33' title='bbox 740 565 943 629; x_wconf 82' lang='lat' dir='ltr'><strong>familiarum</strong></span> <span class='ocrx_word' id='word_1_34' title='bbox 998 586 1060 629; x_wconf 88' lang='lat' dir='ltr'><strong>nus</strong></span> <span class='ocrx_word' id='word_1_35' title='bbox 1074 569 1233 647; x_wconf 89' lang='lat' dir='ltr'><strong>injuriam</strong></span> <span class='ocrx_word' id='word_1_36' title='bbox 1248 586 1346 647; x_wconf 89' lang='lat' dir='ltr'><strong>passa</strong></span> <span class='ocrx_word' id='word_1_37' title='bbox 1362 572 1448 644; x_wconf 80' lang='lat' dir='ltr'><strong>sunt,</strong></span> <span class='ocrx_word' id='word_1_38' title='bbox 1465 588 1539 632; x_wconf 91' lang='lat' dir='ltr'><strong>cum</strong></span> <span class='ocrx_word' id='word_1_39' title='bbox 1559 572 1715 636; x_wconf 90' lang='lat' dir='ltr'><strong>diuturna</strong></span> <span class='ocrx_word' id='word_1_40' title='bbox 1727 590 1790 636; x_wconf 79' lang='lat' dir='ltr'><strong>or-</strong></span> 
     </span>
     <span class='ocr_line' id='line_1_5' title="bbox 140 660 1791 743; baseline 0.006 -18"><span class='ocrx_word' id='word_1_41' title='bbox 140 660 339 736; x_wconf 87' lang='lat' dir='ltr'><strong>illustrium,</strong></span> <span class='ocrx_word' id='word_1_42' title='bbox 355 665 389 725; x_wconf 92' lang='lat' dir='ltr'><strong>et</strong></span> <span class='ocrx_word' id='word_1_43' title='bbox 401 663 617 741; x_wconf 81' lang='lat' dir='ltr'><strong>privatarum,</strong></span> <span class='ocrx_word' id='word_1_44' title='bbox 633 663 851 725; x_wconf 84' lang='lat' dir='ltr'><strong>ecclesiarum</strong></span> <span class='ocrx_word' id='word_1_45' title='bbox 865 681 944 742; x_wconf 89' lang='lat' dir='ltr'><strong>quo·</strong></span> <span class='ocrx_word' id='word_1_46' title='bbox 997 668 1124 738; x_wconf 76' lang='lat' dir='ltr'><strong>teritis,</strong></span> <span class='ocrx_word' id='word_1_47' title='bbox 1140 668 1314 743; x_wconf 86' lang='lat' dir='ltr'><strong>quominus</strong></span> <span class='ocrx_word' id='word_1_48' title='bbox 1329 668 1523 731; x_wconf 88' lang='lat' dir='ltr'><strong>huiclabori</strong></span> <span class='ocrx_word' id='word_1_49' title='bbox 1535 670 1649 732; x_wconf 88' lang='lat' dir='ltr'><strong>sedulo</strong></span> <span class='ocrx_word' id='word_1_50' title='bbox 1664 672 1791 735; x_wconf 89' lang='lat' dir='ltr'><strong>incum-</strong></span> 
     </span>
     <span class='ocr_line' id='line_1_6' title="bbox 140 762 1792 840; baseline 0.006 -17"><span class='ocrx_word' id='word_1_51' title='bbox 140 778 208 840; x_wconf 72' lang='lat' dir='ltr'><strong>que</strong></span> <span class='ocrx_word' id='word_1_52' title='bbox 220 763 259 824; x_wconf 86' lang='lat' dir='ltr'><strong>et</strong></span> <span class='ocrx_word' id='word_1_53' title='bbox 266 762 541 824; x_wconf 87' lang='lat' dir='ltr'><strong>monasteriorum</strong></span> <span class='ocrx_word' id='word_1_54' title='bbox 551 764 671 823; x_wconf 89' lang='lat' dir='ltr'><strong>statum</strong></span> <span class='ocrx_word' id='word_1_55' title='bbox 686 762 940 838; x_wconf 87' lang='lat' dir='ltr'><strong>pertractarunt.</strong></span> <span class='ocrx_word' id='word_1_56' title='bbox 995 762 1108 825; x_wconf 90' lang='lat' dir='ltr'><strong>berem</strong></span> <span class='ocrx_word' id='word_1_57' title='bbox 1122 764 1155 825; x_wconf 89' lang='lat' dir='ltr'><strong>et</strong></span> <span class='ocrx_word' id='word_1_58' title='bbox 1168 765 1257 825; x_wconf 80' lang='lat' dir='ltr'><strong>vires</strong></span> <span class='ocrx_word' id='word_1_59' title='bbox 1270 766 1303 826; x_wconf 90' lang='lat' dir='ltr'><strong>et</strong></span> <span class='ocrx_word' id='word_1_60' title='bbox 1315 766 1461 827; x_wconf 87' lang='lat' dir='ltr'><strong>animum</strong></span> <span class='ocrx_word' id='word_1_61' title='bbox 1475 766 1657 831; x_wconf 82' lang='lat' dir='ltr'><strong>abstulerit.</strong></span> <span class='ocrx_word' id='word_1_62' title='bbox 1674 770 1792 832; x_wconf 89' lang='lat' dir='ltr'><strong>Piacu-</strong></span> 
     </span>
     <span class='ocr_line' id='line_1_7' title="bbox 141 859 1790 945; baseline 0.007 -23"><span class='ocrx_word' id='word_1_63' title='bbox 141 860 192 922; x_wconf 91' lang='lat' dir='ltr'><strong>lta</strong></span> <span class='ocrx_word' id='word_1_64' title='bbox 207 860 335 921; x_wconf 91' lang='lat' dir='ltr'><strong>factum</strong></span> <span class='ocrx_word' id='word_1_65' title='bbox 356 860 392 921; x_wconf 92' lang='lat' dir='ltr'><strong>ut</strong></span> <span class='ocrx_word' id='word_1_66' title='bbox 412 861 447 921; x_wconf 93' lang='lat' dir='ltr'><strong>in</strong></span> <span class='ocrx_word' id='word_1_67' title='bbox 462 860 526 921; x_wconf 87' lang='lat' dir='ltr'><strong>bac</strong></span> <span class='ocrx_word' id='word_1_68' title='bbox 540 859 762 922; x_wconf 81' lang='lat' dir='ltr'><strong>elucidatione</strong></span> <span class='ocrx_word' id='word_1_69' title='bbox 788 860 831 922; x_wconf 90' lang='lat' dir='ltr'><strong>ad</strong></span> <span class='ocrx_word' id='word_1_70' title='bbox 844 861 940 922; x_wconf 83' lang='lat' dir='ltr'><strong>evol·</strong></span> <span class='ocrx_word' id='word_1_71' title='bbox 995 861 1064 923; x_wconf 92' lang='lat' dir='ltr'><strong>lum</strong></span> <span class='ocrx_word' id='word_1_72' title='bbox 1077 877 1157 922; x_wconf 89' lang='lat' dir='ltr'><strong>sane</strong></span> <span class='ocrx_word' id='word_1_73' title='bbox 1171 860 1289 937; x_wconf 83' lang='lat' dir='ltr'><strong>ingens</strong></span> <span class='ocrx_word' id='word_1_74' title='bbox 1304 864 1387 924; x_wconf 91' lang='lat' dir='ltr'><strong>mihi</strong></span> <span class='ocrx_word' id='word_1_75' title='bbox 1401 863 1487 927; x_wconf 90' lang='lat' dir='ltr'><strong>foret</strong></span> <span class='ocrx_word' id='word_1_76' title='bbox 1512 866 1611 927; x_wconf 89' lang='lat' dir='ltr'><strong>silere</strong></span> <span class='ocrx_word' id='word_1_77' title='bbox 1630 869 1790 945; x_wconf 90' lang='lat' dir='ltr'><strong>quantum</strong></span> 
     </span>
     <span class='ocr_line' id='line_1_8' title="bbox 140 957 1790 1037; baseline 0.004 -17"><span class='ocrx_word' id='word_1_78' title='bbox 140 957 271 1020; x_wconf 67' lang='lat' dir='ltr'><strong>nendos</strong></span> <span class='ocrx_word' id='word_1_79' title='bbox 291 958 396 1020; x_wconf 83' lang='lat' dir='ltr'><strong>variae</strong></span> <span class='ocrx_word' id='word_1_80' title='bbox 417 958 567 1019; x_wconf 78' lang='lat' dir='ltr'><strong>historia</strong></span> <span class='ocrx_word' id='word_1_81' title='bbox 595 957 697 1019; x_wconf 90' lang='lat' dir='ltr'><strong>libros</strong></span> <span class='ocrx_word' id='word_1_82' title='bbox 723 958 757 1019; x_wconf 89' lang='lat' dir='ltr'><strong>et</strong></span> <span class='ocrx_word' id='word_1_83' title='bbox 776 958 939 1030; x_wconf 89' lang='lat' dir='ltr'><strong>auctores,</strong></span> <span class='ocrx_word' id='word_1_84' title='bbox 995 959 1078 1021; x_wconf 85' lang='lat' dir='ltr'><strong>mihi</strong></span> <span class='ocrx_word' id='word_1_85' title='bbox 1092 959 1254 1037; x_wconf 85' lang='lat' dir='ltr'><strong>profuerit</strong></span> <span class='ocrx_word' id='word_1_86' title='bbox 1281 960 1461 1036; x_wconf 85' lang='lat' dir='ltr'><strong>singularis</strong></span> <span class='ocrx_word' id='word_1_87' title='bbox 1489 962 1679 1026; x_wconf 89' lang='lat' dir='ltr'><strong>humanitas</strong></span> <span class='ocrx_word' id='word_1_88' title='bbox 1693 966 1790 1028; x_wconf 90' lang='lat' dir='ltr'><strong>illus-</strong></span> 
     </span>
     <span class='ocr_line' id='line_1_9' title="bbox 140 1041 1791 1143; baseline 0.005 -26"><span class='ocrx_word' id='word_1_89' title='bbox 140 1071 210 1118; x_wconf 92' lang='lat' dir='ltr'><strong>non</strong></span> <span class='ocrx_word' id='word_1_90' title='bbox 222 1071 345 1132; x_wconf 90' lang='lat' dir='ltr'><strong>parum</strong></span> <span class='ocrx_word' id='word_1_91' title='bbox 359 1055 484 1117; x_wconf 84' lang='lat' dir='ltr'><strong>laboris</strong></span> <span class='ocrx_word' id='word_1_92' title='bbox 505 1056 696 1143; x_wconf 87' lang='lat' dir='ltr'><strong>impendere</strong></span> <span class='ocrx_word' id='word_1_93' title='bbox 719 1071 855 1118; x_wconf 88' lang='lat' dir='ltr'><strong>necesse</strong></span> <span class='ocrx_word' id='word_1_94' title='bbox 874 1056 943 1117; x_wconf 90' lang='lat' dir='ltr'><strong>sue·</strong></span> <span class='ocrx_word' id='word_1_95' title='bbox 995 1057 1133 1120; x_wconf 88' lang='lat' dir='ltr'><strong>trissimi</strong></span> <span class='ocrx_word' id='word_1_96' title='bbox 1148 1041 1406 1119; x_wconf 71' lang='lat' dir='ltr'><strong>et&#39;eruditissimi</strong></span> <span class='ocrx_word' id='word_1_97' title='bbox 1420 1060 1526 1122; x_wconf 91' lang='lat' dir='ltr'><strong>nostri</strong></span> <span class='ocrx_word' id='word_1_98' title='bbox 1540 1062 1791 1140; x_wconf 85' lang='lat' dir='ltr'><strong>protopraesulis</strong></span> 
     </span>
     <span class='ocr_line' id='line_1_10' title="bbox 139 1152 1791 1234; baseline 0.006 -21"><span class='ocrx_word' id='word_1_99' title='bbox 139 1154 197 1214; x_wconf 91' lang='lat' dir='ltr'><strong>rit.</strong></span> <span class='ocrx_word' id='word_1_100' title='bbox 218 1153 308 1214; x_wconf 84' lang='lat' dir='ltr'><strong>Huic</strong></span> <span class='ocrx_word' id='word_1_101' title='bbox 333 1169 422 1215; x_wconf 89' lang='lat' dir='ltr'><strong>curae</strong></span> <span class='ocrx_word' id='word_1_102' title='bbox 441 1169 591 1215; x_wconf 90' lang='lat' dir='ltr'><strong>meorum</strong></span> <span class='ocrx_word' id='word_1_103' title='bbox 615 1152 800 1216; x_wconf 88' lang='lat' dir='ltr'><strong>studiorum</strong></span> <span class='ocrx_word' id='word_1_104' title='bbox 823 1153 944 1215; x_wconf 85' lang='lat' dir='ltr'><strong>fidissi·</strong></span> <span class='ocrx_word' id='word_1_105' title='bbox 995 1154 1161 1227; x_wconf 80' lang='lat' dir='ltr'><strong>Tolosani,</strong></span> <span class='ocrx_word' id='word_1_106' title='bbox 1175 1158 1270 1233; x_wconf 89' lang='lat' dir='ltr'><strong>cujus</strong></span> <span class='ocrx_word' id='word_1_107' title='bbox 1284 1155 1448 1218; x_wconf 89' lang='lat' dir='ltr'><strong>litteraria</strong></span> <span class='ocrx_word' id='word_1_108' title='bbox 1461 1158 1612 1234; x_wconf 82' lang='lat' dir='ltr'><strong>supellex</strong></span> <span class='ocrx_word' id='word_1_109' title='bbox 1626 1175 1692 1221; x_wconf 92' lang='lat' dir='ltr'><strong>non</strong></span> <span class='ocrx_word' id='word_1_110' title='bbox 1711 1162 1791 1223; x_wconf 91' lang='lat' dir='ltr'><strong>tan-</strong></span> 
     </span>
     <span class='ocr_line' id='line_1_11' title="bbox 139 1250 1790 1331; baseline 0.006 -20"><span class='ocrx_word' id='word_1_111' title='bbox 139 1266 234 1312; x_wconf 89' lang='lat' dir='ltr'><strong>mum</strong></span> <span class='ocrx_word' id='word_1_112' title='bbox 250 1250 437 1313; x_wconf 85' lang='lat' dir='ltr'><strong>consortem</strong></span> <span class='ocrx_word' id='word_1_113' title='bbox 464 1251 601 1312; x_wconf 83' lang='lat' dir='ltr'><strong>adhibui</strong></span> <span class='ocrx_word' id='word_1_114' title='bbox 614 1253 777 1314; x_wconf 86' lang='lat' dir='ltr'><strong>loannem</strong></span> <span class='ocrx_word' id='word_1_115' title='bbox 808 1250 962 1324; x_wconf 80' lang='lat' dir='ltr'><strong>Parrin,</strong></span> <span class='ocrx_word' id='word_1_116' title='bbox 995 1253 1065 1315; x_wconf 91' lang='lat' dir='ltr'><strong>tum</strong></span> <span class='ocrx_word' id='word_1_117' title='bbox 1092 1252 1308 1330; x_wconf 90' lang='lat' dir='ltr'><strong>amplitudine</strong></span> <span class='ocrx_word' id='word_1_118' title='bbox 1336 1254 1369 1315; x_wconf 91' lang='lat' dir='ltr'><strong>et</strong></span> <span class='ocrx_word' id='word_1_119' title='bbox 1396 1255 1492 1331; x_wconf 91' lang='lat' dir='ltr'><strong>copia</strong></span> <span class='ocrx_word' id='word_1_120' title='bbox 1528 1255 1700 1330; x_wconf 87' lang='lat' dir='ltr'><strong>librorum,</strong></span> <span class='ocrx_word' id='word_1_121' title='bbox 1732 1259 1790 1321; x_wconf 90' lang='lat' dir='ltr'><strong>sed</strong></span> 
     </span>
     <span class='ocr_line' id='line_1_12' title="bbox 138 1347 1789 1427; baseline 0.004 -16"><span class='ocrx_word' id='word_1_122' title='bbox 138 1347 254 1411; x_wconf 76' lang='lat' dir='ltr'><strong>virum</strong></span> <span class='ocrx_word' id='word_1_123' title='bbox 268 1347 304 1409; x_wconf 91' lang='lat' dir='ltr'><strong>in</strong></span> <span class='ocrx_word' id='word_1_124' title='bbox 319 1348 383 1409; x_wconf 88' lang='lat' dir='ltr'><strong>boc</strong></span> <span class='ocrx_word' id='word_1_125' title='bbox 405 1364 539 1425; x_wconf 80' lang='lat' dir='ltr'><strong>genere,</strong></span> <span class='ocrx_word' id='word_1_126' title='bbox 560 1348 646 1410; x_wconf 89' lang='lat' dir='ltr'><strong>sicut</strong></span> <span class='ocrx_word' id='word_1_127' title='bbox 660 1349 694 1410; x_wconf 91' lang='lat' dir='ltr'><strong>et</strong></span> <span class='ocrx_word' id='word_1_128' title='bbox 716 1349 752 1408; x_wconf 90' lang='lat' dir='ltr'><strong>in</strong></span> <span class='ocrx_word' id='word_1_129' title='bbox 779 1348 941 1410; x_wconf 89' lang='lat' dir='ltr'><strong>bonarum</strong></span> <span class='ocrx_word' id='word_1_130' title='bbox 996 1351 1096 1412; x_wconf 87' lang='lat' dir='ltr'><strong>etiam</strong></span> <span class='ocrx_word' id='word_1_131' title='bbox 1110 1350 1350 1427; x_wconf 82' lang='lat' dir='ltr'><strong>exquisitorum</strong></span> <span class='ocrx_word' id='word_1_132' title='bbox 1376 1352 1550 1414; x_wconf 91' lang='lat' dir='ltr'><strong>auctorum</strong></span> <span class='ocrx_word' id='word_1_133' title='bbox 1578 1354 1789 1418; x_wconf 88' lang='lat' dir='ltr'><strong>multitudine</strong></span> 
     </span>
     <span class='ocr_line' id='line_1_13' title="bbox 140 1445 1789 1530; baseline 0.004 -23"><span class='ocrx_word' id='word_1_134' title='bbox 140 1445 269 1508; x_wconf 85' lang='lat' dir='ltr'><strong>artium</strong></span> <span class='ocrx_word' id='word_1_135' title='bbox 292 1445 479 1521; x_wconf 81' lang='lat' dir='ltr'><strong>cognitione</strong></span> <span class='ocrx_word' id='word_1_136' title='bbox 503 1445 649 1506; x_wconf 81' lang='lat' dir='ltr'><strong>manime</strong></span> <span class='ocrx_word' id='word_1_137' title='bbox 672 1447 852 1518; x_wconf 81' lang='lat' dir='ltr'><strong>versatum,</strong></span> <span class='ocrx_word' id='word_1_138' title='bbox 887 1447 941 1507; x_wconf 94' lang='lat' dir='ltr'><strong>cui</strong></span> <span class='ocrx_word' id='word_1_139' title='bbox 996 1447 1266 1519; x_wconf 88' lang='lat' dir='ltr'><strong>commendanda,</strong></span> <span class='ocrx_word' id='word_1_140' title='bbox 1284 1446 1469 1511; x_wconf 83' lang='lat' dir='ltr'><strong>faciliorem</strong></span> <span class='ocrx_word' id='word_1_141' title='bbox 1496 1451 1579 1513; x_wconf 87' lang='lat' dir='ltr'><strong>mihi</strong></span> <span class='ocrx_word' id='word_1_142' title='bbox 1593 1452 1682 1513; x_wconf 86' lang='lat' dir='ltr'><strong>viam</strong></span> <span class='ocrx_word' id='word_1_143' title='bbox 1705 1469 1789 1530; x_wconf 91' lang='lat' dir='ltr'><strong>ape-</strong></span> 
     </span>
     <span class='ocr_line' id='line_1_14' title="bbox 135 1542 1790 1624; baseline 0.004 -19"><span class='ocrx_word' id='word_1_144' title='bbox 135 1543 298 1619; x_wconf 83' lang='lat' dir='ltr'><strong>equidem</strong></span> <span class='ocrx_word' id='word_1_145' title='bbox 313 1559 475 1604; x_wconf 88' lang='lat' dir='ltr'><strong>summam</strong></span> <span class='ocrx_word' id='word_1_146' title='bbox 498 1543 599 1620; x_wconf 87' lang='lat' dir='ltr'><strong>hujus</strong></span> <span class='ocrx_word' id='word_1_147' title='bbox 621 1559 732 1621; x_wconf 87' lang='lat' dir='ltr'><strong>operae</strong></span> <span class='ocrx_word' id='word_1_148' title='bbox 746 1543 874 1620; x_wconf 87' lang='lat' dir='ltr'><strong>partem</strong></span> <span class='ocrx_word' id='word_1_149' title='bbox 889 1542 943 1605; x_wconf 91' lang='lat' dir='ltr'><strong>de·</strong></span> <span class='ocrx_word' id='word_1_150' title='bbox 996 1546 1074 1619; x_wconf 89' lang='lat' dir='ltr'><strong>ruit,</strong></span> <span class='ocrx_word' id='word_1_151' title='bbox 1088 1547 1173 1608; x_wconf 86' lang='lat' dir='ltr'><strong>etex</strong></span> <span class='ocrx_word' id='word_1_152' title='bbox 1187 1544 1250 1606; x_wconf 89' lang='lat' dir='ltr'><strong>hac</strong></span> <span class='ocrx_word' id='word_1_153' title='bbox 1265 1545 1366 1608; x_wconf 77' lang='lat' dir='ltr'><strong>diuite</strong></span> <span class='ocrx_word' id='word_1_154' title='bbox 1377 1562 1463 1624; x_wconf 90' lang='lat' dir='ltr'><strong>penu</strong></span> <span class='ocrx_word' id='word_1_155' title='bbox 1473 1548 1668 1611; x_wconf 88' lang='lat' dir='ltr'><strong>tenuitatem</strong></span> <span class='ocrx_word' id='word_1_156' title='bbox 1682 1567 1790 1612; x_wconf 89' lang='lat' dir='ltr'><strong>meam</strong></span> 
     </span>
     <span class='ocr_line' id='line_1_15' title="bbox 138 1640 1788 1723; baseline 0.004 -21"><span class='ocrx_word' id='word_1_157' title='bbox 138 1640 221 1702; x_wconf 88' lang='lat' dir='ltr'><strong>bere</strong></span> <span class='ocrx_word' id='word_1_158' title='bbox 245 1640 467 1716; x_wconf 81' lang='lat' dir='ltr'><strong>maingenae</strong></span> <span class='ocrx_word' id='word_1_159' title='bbox 492 1640 658 1719; x_wconf 82' lang='lat' dir='ltr'><strong>profiteor.</strong></span> <span class='ocrx_word' id='word_1_160' title='bbox 675 1640 776 1701; x_wconf 86' lang='lat' dir='ltr'><strong>Plura</strong></span> <span class='ocrx_word' id='word_1_161' title='bbox 788 1640 940 1714; x_wconf 84' lang='lat' dir='ltr'><strong>forsitan,</strong></span> <span class='ocrx_word' id='word_1_162' title='bbox 996 1645 1087 1715; x_wconf 83' lang='lat' dir='ltr'><strong>auxi,</strong></span> <span class='ocrx_word' id='word_1_163' title='bbox 1103 1643 1137 1704; x_wconf 93' lang='lat' dir='ltr'><strong>et</strong></span> <span class='ocrx_word' id='word_1_164' title='bbox 1148 1642 1282 1702; x_wconf 85' lang='lat' dir='ltr'><strong>uberius</strong></span> <span class='ocrx_word' id='word_1_165' title='bbox 1298 1642 1340 1704; x_wconf 86' lang='lat' dir='ltr'><strong>ad</strong></span> <span class='ocrx_word' id='word_1_166' title='bbox 1363 1645 1489 1707; x_wconf 81' lang='lat' dir='ltr'><strong>exitum</strong></span> <span class='ocrx_word' id='word_1_167' title='bbox 1506 1645 1666 1723; x_wconf 81' lang='lat' dir='ltr'><strong>perduxi3</strong></span> <span class='ocrx_word' id='word_1_168' title='bbox 1699 1651 1788 1711; x_wconf 84' lang='lat' dir='ltr'><strong>Vcle.</strong></span> 
     </span>
     <span class='ocr_line' id='line_1_16' title="bbox 136 1737 1342 1816; baseline 0.001 -16"><span class='ocrx_word' id='word_1_169' title='bbox 136 1753 244 1814; x_wconf 72' lang='lat' dir='ltr'><strong>quam</strong></span> <span class='ocrx_word' id='word_1_170' title='bbox 258 1738 453 1815; x_wconf 85' lang='lat' dir='ltr'><strong>optaverim,</strong></span> <span class='ocrx_word' id='word_1_171' title='bbox 469 1737 569 1816; x_wconf 77' lang='lat' dir='ltr'><strong>digna</strong></span> <span class='ocrx_word' id='word_1_172' title='bbox 582 1739 679 1801; x_wconf 90' lang='lat' dir='ltr'><strong>erunt</strong></span> <span class='ocrx_word' id='word_1_173' title='bbox 689 1739 896 1803; x_wconf 87' lang='lat' dir='ltr'><strong>tuacensura</strong></span> <span class='ocrx_word' id='word_1_174' title='bbox 909 1739 943 1801; x_wconf 91' lang='lat' dir='ltr'><strong>et</strong></span> <span class='ocrx_word' id='word_1_175' title='bbox 994 1742 1163 1805; x_wconf 83' lang='lat' dir='ltr'><strong>Hactenus</strong></span> <span class='ocrx_word' id='word_1_176' title='bbox 1174 1739 1342 1801; x_wconf 83' lang='lat' dir='ltr'><strong>Cironius.</strong></span> 
     </span>
    </p>

    <p class='ocr_par' dir='ltr' id='par_1_3' title="bbox 133 1834 940 1915">
     <span class='ocr_line' id='line_1_17' title="bbox 133 1834 940 1915; baseline 0.001 -19"><span class='ocrx_word' id='word_1_177' title='bbox 133 1834 377 1912; x_wconf 72' lang='lat' dir='ltr'><strong>castigatione,</strong></span> <span class='ocrx_word' id='word_1_178' title='bbox 395 1851 469 1915; x_wconf 85' lang='lat' dir='ltr'><strong>quae</strong></span> <span class='ocrx_word' id='word_1_179' title='bbox 484 1836 626 1899; x_wconf 89' lang='lat' dir='ltr'><strong>libenter</strong></span> <span class='ocrx_word' id='word_1_180' title='bbox 651 1835 684 1898; x_wconf 92' lang='lat' dir='ltr'><strong>et</strong></span> <span class='ocrx_word' id='word_1_181' title='bbox 708 1852 803 1914; x_wconf 86' lang='lat' dir='ltr'><strong>aequo</strong></span> <span class='ocrx_word' id='word_1_182' title='bbox 828 1836 940 1898; x_wconf 91' lang='lat' dir='ltr'><strong>animo</strong></span> 
     </span>
    </p>
   </div>
   <div class='ocr_carea' id='block_1_3' title="bbox 797 2069 1119 2092">
    <p class='ocr_par' dir='ltr' id='par_1_4' title="bbox 797 2069 1119 2092">
     <span class='ocr_line' id='line_1_18' title="bbox 797 2069 1119 2092; baseline 0 -5"><span class='ocrx_word' id='word_1_183' title='bbox 797 2069 1119 2092; x_wconf 71' lang='grc' dir='ltr'><strong>-ι-ι-ι-ι--ι-</strong></span> 
     </span>
    </p>
   </div>
   <div class='ocr_carea' id='block_1_4' title="bbox 412 2255 1562 2623">
    <p class='ocr_par' dir='ltr' id='par_1_5' title="bbox 412 2255 1562 2623">
     <span class='ocr_line' id='line_1_19' title="bbox 412 2255 1562 2412; baseline -0.006 -23"><span class='ocrx_word' id='word_1_184' title='bbox 412 2264 495 2389; x_wconf 90' lang='grc' dir='ltr'><strong>ΙΝ</strong></span> <span class='ocrx_word' id='word_1_185' title='bbox 532 2260 873 2412; x_wconf 76' lang='lat' dir='ltr'><strong>llillnrllli</strong></span> <span class='ocrx_word' id='word_1_186' title='bbox 908 2255 1503 2384; x_wconf 79' lang='lat' dir='ltr'><strong>COMPILATIONEM</strong></span> <span class='ocrx_word' id='word_1_187' title='bbox 1557 2262 1562 2271; x_wconf 84' lang='grc'><em>’</em></span> 
     </span>
     <span class='ocr_line' id='line_1_20' title="bbox 769 2532 1154 2623; baseline -0.01 0"><span class='ocrx_word' id='word_1_188' title='bbox 769 2532 1154 2623; x_wconf 80' lang='lat' dir='ltr'><strong>rnounoonnnn</strong></span> 
     </span>
    </p>
   </div>
   <div class='ocr_carea' id='block_1_5' title="bbox 274 2782 1791 2864">
    <p class='ocr_par' dir='ltr' id='par_1_6' title="bbox 274 2782 1791 2864">
     <span class='ocr_line' id='line_1_21' title="bbox 274 2782 1791 2864; baseline 0.007 -21"><span class='ocrx_word' id='word_1_189' title='bbox 274 2786 333 2861; x_wconf 65' lang='lat' dir='ltr'><strong>fil.</strong></span> <span class='ocrx_word' id='word_1_190' title='bbox 354 2784 597 2859; x_wconf 67' lang='lat' dir='ltr'><strong>prolegomena</strong></span> <span class='ocrx_word' id='word_1_191' title='bbox 616 2782 795 2859; x_wconf 79' lang='lat' dir='ltr'><strong>generalla.</strong></span> <span class='ocrx_word' id='word_1_192' title='bbox 996 2785 1158 2864; x_wconf 87' lang='lat' dir='ltr'><strong>siquidem</strong></span> <span class='ocrx_word' id='word_1_193' title='bbox 1167 2784 1328 2857; x_wconf 86' lang='lat' dir='ltr'><strong>videmus,</strong></span> <span class='ocrx_word' id='word_1_194' title='bbox 1340 2786 1376 2848; x_wconf 91' lang='lat' dir='ltr'><strong>in</strong></span> <span class='ocrx_word' id='word_1_195' title='bbox 1388 2787 1518 2850; x_wconf 89' lang='lat' dir='ltr'><strong>actione</strong></span> <span class='ocrx_word' id='word_1_196' title='bbox 1528 2787 1791 2861; x_wconf 82' lang='lat' dir='ltr'><strong>secunda,sanc</strong></span> 
     </span>
    </p>
   </div>
   <div class='ocr_carea' id='block_1_6' title="bbox 137 2884 1792 3064">
    <p class='ocr_par' dir='ltr' id='par_1_7' title="bbox 137 2884 1792 3064">
     <span class='ocr_line' id='line_1_22' title="bbox 174 2884 1789 2981; baseline -0.004 -26"><span class='ocrx_word' id='word_1_197' title='bbox 174 2905 202 2966; x_wconf 80' lang='lat'><strong>1,</strong></span> <span class='ocrx_word' id='word_1_198' title='bbox 226 2907 277 2966; x_wconf 81' lang='lat' dir='ltr'><strong>De</strong></span> <span class='ocrx_word' id='word_1_199' title='bbox 301 2903 550 2966; x_wconf 48' lang='lat' dir='ltr'><strong>&amp;suffitionibus</strong></span> <span class='ocrx_word' id='word_1_200' title='bbox 571 2920 734 2966; x_wconf 60' lang='lat' dir='ltr'>canonum</span> <span class='ocrx_word' id='word_1_201' title='bbox 763 2902 940 2981; x_wconf 57' lang='lat' dir='ltr'><strong>praecipuis</strong></span> <span class='ocrx_word' id='word_1_202' title='bbox 994 2884 1062 2946; x_wconf 85' lang='lat' dir='ltr'><strong>tam</strong></span> <span class='ocrx_word' id='word_1_203' title='bbox 1073 2885 1234 2961; x_wconf 88' lang='lat' dir='ltr'><strong>synodum</strong></span> <span class='ocrx_word' id='word_1_204' title='bbox 1242 2885 1411 2963; x_wconf 86' lang='lat' dir='ltr'><strong>postulare</strong></span> <span class='ocrx_word' id='word_1_205' title='bbox 1421 2886 1457 2948; x_wconf 91' lang='lat' dir='ltr'><strong>nt</strong></span> <span class='ocrx_word' id='word_1_206' title='bbox 1466 2887 1620 2963; x_wconf 81' lang='lat' dir='ltr'><strong>legantur</strong></span> <span class='ocrx_word' id='word_1_207' title='bbox 1633 2904 1789 2951; x_wconf 91' lang='lat' dir='ltr'><strong>canones.</strong></span> 
     </span>
     <span class='ocr_line' id='line_1_23' title="bbox 137 2982 1792 3064; baseline -0.003 -12"><span class='ocrx_word' id='word_1_208' title='bbox 137 3001 187 3064; x_wconf 65' lang='lat' dir='ltr'><strong>eie</strong></span> <span class='ocrx_word' id='word_1_209' title='bbox 200 3001 329 3064; x_wconf 70' lang='lat' dir='ltr'><strong>habent</strong></span> <span class='ocrx_word' id='word_1_210' title='bbox 348 3002 594 3064; x_wconf 59' lang='lat' dir='ltr'><strong>praeoeeteones</strong></span> <span class='ocrx_word' id='word_1_211' title='bbox 615 3005 713 3064; x_wconf 50' lang='lat' dir='ltr'><strong>Jeme</strong></span> <span class='ocrx_word' id='word_1_212' title='bbox 733 3005 889 3064; x_wconf 46' lang='lat' dir='ltr'><strong>panonia</strong></span> <span class='ocrx_word' id='word_1_213' title='bbox 903 3002 939 3063; x_wconf 67' lang='lat' dir='ltr'><strong>jn</strong></span> <span class='ocrx_word' id='word_1_214' title='bbox 994 2983 1074 3043; x_wconf 89' lang='lat' dir='ltr'><strong>Haec</strong></span> <span class='ocrx_word' id='word_1_215' title='bbox 1095 2982 1246 3044; x_wconf 90' lang='lat' dir='ltr'><strong>collectio</strong></span> <span class='ocrx_word' id='word_1_216' title='bbox 1266 2982 1545 3060; x_wconf 87' lang='lat' dir='ltr'><strong>complectebatur</strong></span> <span class='ocrx_word' id='word_1_217' title='bbox 1568 3001 1712 3046; x_wconf 88' lang='lat' dir='ltr'><strong>canones</strong></span> <span class='ocrx_word' id='word_1_218' title='bbox 1732 2985 1792 3047; x_wconf 91' lang='lat' dir='ltr'><strong>de-</strong></span> 
     </span>
    </p>
   </div>
   <div class='ocr_carea' id='block_1_7' title="bbox 136 3080 1791 3371">
    <p class='ocr_par' dir='ltr' id='par_1_8' title="bbox 136 3080 1791 3371">
     <span class='ocr_line' id='line_1_24' title="bbox 136 3080 1791 3176; baseline -0.002 -15"><span class='ocrx_word' id='word_1_219' title='bbox 136 3100 322 3162; x_wconf 82' lang='lat' dir='ltr'><strong>seminario</strong></span> <span class='ocrx_word' id='word_1_220' title='bbox 337 3099 445 3161; x_wconf 89' lang='lat' dir='ltr'><strong>sancti</strong></span> <span class='ocrx_word' id='word_1_221' title='bbox 459 3098 595 3176; x_wconf 76' lang='lat' dir='ltr'><strong>¹sulpitii</strong></span> <span class='ocrx_word' id='word_1_222' title='bbox 611 3099 744 3168; x_wconf 87' lang='lat' dir='ltr'><strong>habitae,</strong></span> <span class='ocrx_word' id='word_1_223' title='bbox 760 3100 811 3160; x_wconf 91' lang='lat' dir='ltr'><strong>ed.</strong></span> <span class='ocrx_word' id='word_1_224' title='bbox 828 3100 937 3160; x_wconf 90' lang='lat' dir='ltr'><strong>Paris.</strong></span> <span class='ocrx_word' id='word_1_225' title='bbox 995 3080 1192 3156; x_wconf 63' lang='lat' dir='ltr'><strong>sumPtOSOX</strong></span> <span class='ocrx_word' id='word_1_226' title='bbox 1200 3080 1791 3168; x_wconf 59' lang='lat' dir='ltr'><strong>00a0iffissNl0ae1102Ass⁰lfaaQN0a</strong></span> 
     </span>
     <span class='ocr_line' id='line_1_25' title="bbox 139 3176 1791 3271; baseline -0.006 -22"><span class='ocrx_word' id='word_1_227' title='bbox 139 3195 228 3266; x_wconf 79' lang='lat'><strong>1859,</strong></span> <span class='ocrx_word' id='word_1_228' title='bbox 244 3196 270 3259; x_wconf 82' lang='lat' dir='ltr'><strong>t,</strong></span> <span class='ocrx_word' id='word_1_229' title='bbox 285 3199 311 3265; x_wconf 86' lang='lat'><strong>1,</strong></span> <span class='ocrx_word' id='word_1_230' title='bbox 328 3196 548 3271; x_wconf 72' lang='lat' dir='ltr'><strong>pr010g‚‚g3,</strong></span> <span class='ocrx_word' id='word_1_231' title='bbox 565 3199 652 3267; x_wconf 68' lang='lat' dir='ltr'><strong>Quae</strong></span> <span class='ocrx_word' id='word_1_232' title='bbox 666 3196 779 3257; x_wconf 62' lang='lat' dir='ltr'><strong>tamen</strong></span> <span class='ocrx_word' id='word_1_233' title='bbox 793 3196 829 3257; x_wconf 77' lang='lat' dir='ltr'><strong>jn</strong></span> <span class='ocrx_word' id='word_1_234' title='bbox 843 3212 937 3258; x_wconf 67' lang='lat' dir='ltr'><strong>com.</strong></span> <span class='ocrx_word' id='word_1_235' title='bbox 994 3177 1198 3245; x_wconf 86' lang='lat' dir='ltr'><strong>caesariensi,</strong></span> <span class='ocrx_word' id='word_1_236' title='bbox 1206 3176 1403 3253; x_wconf 79' lang='lat' dir='ltr'><strong>cangrensi,</strong></span> <span class='ocrx_word' id='word_1_237' title='bbox 1410 3178 1627 3246; x_wconf 84' lang='lat' dir='ltr'><strong>Antiocheno,</strong></span> <span class='ocrx_word' id='word_1_238' title='bbox 1636 3179 1791 3241; x_wconf 88' lang='lat' dir='ltr'><strong>Laodice·</strong></span> 
     </span>
     <span class='ocr_line' id='line_1_26' title="bbox 139 3272 1789 3371; baseline -0.012 -18"><span class='ocrx_word' id='word_1_239' title='bbox 139 3293 297 3368; x_wconf 86' lang='lat' dir='ltr'><strong>pendium</strong></span> <span class='ocrx_word' id='word_1_240' title='bbox 311 3294 463 3371; x_wconf 78' lang='lat' dir='ltr'><strong>redigere</strong></span> <span class='ocrx_word' id='word_1_241' title='bbox 478 3293 569 3355; x_wconf 74' lang='lat' dir='ltr'><strong>libet,</strong></span> <span class='ocrx_word' id='word_1_242' title='bbox 994 3289 1037 3334; x_wconf 91' lang='lat' dir='ltr'><strong>no</strong></span> <span class='ocrx_word' id='word_1_243' title='bbox 1054 3274 1087 3336; x_wconf 91' lang='lat' dir='ltr'><strong>et</strong></span> <span class='ocrx_word' id='word_1_244' title='bbox 1106 3272 1470 3348; x_wconf 76' lang='lat' dir='ltr'><strong>constantinopolitano</strong></span> <span class='ocrx_word' id='word_1_245' title='bbox 1484 3286 1545 3349; x_wconf 88' lang='lat' dir='ltr'><strong>per</strong></span> <span class='ocrx_word' id='word_1_246' title='bbox 1560 3275 1710 3334; x_wconf 90' lang='lat' dir='ltr'><strong>ordinem</strong></span> <span class='ocrx_word' id='word_1_247' title='bbox 1734 3275 1789 3334; x_wconf 92' lang='lat' dir='ltr'><strong>di-</strong></span> 
     </span>
    </p>
   </div>
   <div class='ocr_carea' id='block_1_8' title="bbox 138 3371 1790 5629">
    <p class='ocr_par' dir='ltr' id='par_1_9' title="bbox 138 3371 1790 5629">
     <span class='ocr_line' id='line_1_27' title="bbox 177 3371 1114 3469; baseline -0.006 -18"><span class='ocrx_word' id='word_1_248' title='bbox 177 3392 398 3453; x_wconf 84' lang='lat' dir='ltr'><strong>Gollectiones</strong></span> <span class='ocrx_word' id='word_1_249' title='bbox 414 3408 578 3453; x_wconf 88' lang='lat' dir='ltr'><strong>canonum</strong></span> <span class='ocrx_word' id='word_1_250' title='bbox 597 3391 793 3469; x_wconf 90' lang='lat' dir='ltr'><strong>prodierunt</strong></span> <span class='ocrx_word' id='word_1_251' title='bbox 811 3406 854 3451; x_wconf 82' lang='lat' dir='ltr'><strong>en</strong></span> <span class='ocrx_word' id='word_1_252' title='bbox 873 3406 937 3467; x_wconf 88' lang='lat' dir='ltr'><strong>quo</strong></span> <span class='ocrx_word' id='word_1_253' title='bbox 993 3371 1114 3445; x_wconf 63' lang='lat' dir='ltr'><strong>ssaStOS·</strong></span> 
     </span>
     <span class='ocr_line' id='line_1_28' title="bbox 138 3480 1788 3567; baseline 0.002 -19"><span class='ocrx_word' id='word_1_254' title='bbox 138 3489 294 3558; x_wconf 86' lang='lat' dir='ltr'><strong>concilia,</strong></span> <span class='ocrx_word' id='word_1_255' title='bbox 307 3489 377 3551; x_wconf 93' lang='lat' dir='ltr'><strong>tum</strong></span> <span class='ocrx_word' id='word_1_256' title='bbox 390 3489 478 3567; x_wconf 91' lang='lat' dir='ltr'><strong>apud</strong></span> <span class='ocrx_word' id='word_1_257' title='bbox 489 3488 674 3550; x_wconf 83' lang='lat' dir='ltr'><strong>orientales</strong></span> <span class='ocrx_word' id='word_1_258' title='bbox 688 3490 759 3550; x_wconf 90' lang='lat' dir='ltr'><strong>tum</strong></span> <span class='ocrx_word' id='word_1_259' title='bbox 778 3487 866 3563; x_wconf 89' lang='lat' dir='ltr'><strong>apud</strong></span> <span class='ocrx_word' id='word_1_260' title='bbox 881 3489 939 3547; x_wconf 93' lang='lat' dir='ltr'><strong>Oc·</strong></span> <span class='ocrx_word' id='word_1_261' title='bbox 1033 3484 1118 3545; x_wconf 90' lang='lat' dir='ltr'><strong>Huic</strong></span> <span class='ocrx_word' id='word_1_262' title='bbox 1131 3481 1246 3560; x_wconf 88' lang='lat' dir='ltr'><strong>primae</strong></span> <span class='ocrx_word' id='word_1_263' title='bbox 1261 3480 1469 3554; x_wconf 90' lang='lat' dir='ltr'><strong>collectioni,</strong></span> <span class='ocrx_word' id='word_1_264' title='bbox 1483 3500 1628 3546; x_wconf 86' lang='lat' dir='ltr'><strong>canones</strong></span> <span class='ocrx_word' id='word_1_265' title='bbox 1643 3487 1788 3566; x_wconf 88' lang='lat' dir='ltr'><strong>Aposto-</strong></span> 
     </span>
     <span class='ocr_line' id='line_1_29' title="bbox 140 3581 1790 3663; baseline 0.002 -19"><span class='ocrx_word' id='word_1_266' title='bbox 140 3584 333 3656; x_wconf 88' lang='lat' dir='ltr'><strong>cidentales,</strong></span> <span class='ocrx_word' id='word_1_267' title='bbox 348 3586 652 3663; x_wconf 79' lang='lat' dir='ltr'><strong>necdisciplinares</strong></span> <span class='ocrx_word' id='word_1_268' title='bbox 671 3585 784 3647; x_wconf 88' lang='lat' dir='ltr'><strong>multis</strong></span> <span class='ocrx_word' id='word_1_269' title='bbox 808 3584 937 3660; x_wconf 81' lang='lat' dir='ltr'><strong>legibus</strong></span> <span class='ocrx_word' id='word_1_270' title='bbox 991 3581 1111 3650; x_wconf 87' lang='lat' dir='ltr'><strong>lorum,</strong></span> <span class='ocrx_word' id='word_1_271' title='bbox 1137 3597 1280 3659; x_wconf 83' lang='lat' dir='ltr'><strong>capones</strong></span> <span class='ocrx_word' id='word_1_272' title='bbox 1300 3582 1438 3659; x_wconf 89' lang='lat' dir='ltr'><strong>insuper</strong></span> <span class='ocrx_word' id='word_1_273' title='bbox 1458 3582 1654 3661; x_wconf 86' lang='lat' dir='ltr'><strong>Ephesinos,</strong></span> <span class='ocrx_word' id='word_1_274' title='bbox 1674 3586 1790 3649; x_wconf 86' lang='lat' dir='ltr'><strong>sardi-</strong></span> 
     </span>
     <span class='ocr_line' id='line_1_30' title="bbox 138 3679 1786 3761; baseline 0.004 -21"><span class='ocrx_word' id='word_1_275' title='bbox 138 3684 404 3761; x_wconf 88' lang='lat' dir='ltr'><strong>composuerunt.</strong></span> <span class='ocrx_word' id='word_1_276' title='bbox 991 3694 1117 3747; x_wconf 88' lang='lat' dir='ltr'><strong>censes,</strong></span> <span class='ocrx_word' id='word_1_277' title='bbox 1128 3679 1411 3742; x_wconf 79' lang='lat' dir='ltr'><strong>chalcedonenses</strong></span> <span class='ocrx_word' id='word_1_278' title='bbox 1425 3682 1457 3743; x_wconf 90' lang='lat' dir='ltr'><strong>et</strong></span> <span class='ocrx_word' id='word_1_279' title='bbox 1468 3681 1613 3759; x_wconf 77' lang='lat' dir='ltr'><strong>Regules</strong></span> <span class='ocrx_word' id='word_1_280' title='bbox 1635 3699 1678 3745; x_wconf 79' lang='lat' dir='ltr'><strong>er</strong></span> <span class='ocrx_word' id='word_1_281' title='bbox 1692 3684 1786 3747; x_wconf 91' lang='lat' dir='ltr'><strong>libris</strong></span> 
     </span>
     <span class='ocr_line' id='line_1_31' title="bbox 179 3777 1785 3858; baseline 0.002 -16"><span class='ocrx_word' id='word_1_282' title='bbox 179 3784 334 3843; x_wconf 77' lang='lat' dir='ltr'><strong>canones</strong></span> <span class='ocrx_word' id='word_1_283' title='bbox 356 3782 597 3856; x_wconf 78' lang='lat' dir='ltr'><strong>Apostolorum</strong></span> <span class='ocrx_word' id='word_1_284' title='bbox 622 3781 855 3858; x_wconf 89' lang='lat' dir='ltr'><strong>nuncupantur</strong></span> <span class='ocrx_word' id='word_1_285' title='bbox 880 3795 936 3841; x_wconf 88' lang='lat' dir='ltr'><strong>re-</strong></span> <span class='ocrx_word' id='word_1_286' title='bbox 991 3779 1024 3839; x_wconf 87' lang='lat' dir='ltr'><strong>S.</strong></span> <span class='ocrx_word' id='word_1_287' title='bbox 1039 3778 1156 3839; x_wconf 87' lang='lat' dir='ltr'><strong>Basilii</strong></span> <span class='ocrx_word' id='word_1_288' title='bbox 1171 3777 1360 3856; x_wconf 89' lang='lat' dir='ltr'><strong>desumptas</strong></span> <span class='ocrx_word' id='word_1_289' title='bbox 1380 3779 1501 3857; x_wconf 90' lang='lat' dir='ltr'><strong>adjecit</strong></span> <span class='ocrx_word' id='word_1_290' title='bbox 1514 3782 1659 3843; x_wconf 82' lang='lat' dir='ltr'><strong>loannes</strong></span> <span class='ocrx_word' id='word_1_291' title='bbox 1676 3784 1785 3845; x_wconf 85' lang='lat' dir='ltr'><strong>Scho-</strong></span> 
     </span>
     <span class='ocr_line' id='line_1_32' title="bbox 141 3875 1783 3961; baseline 0.002 -22"><span class='ocrx_word' id='word_1_292' title='bbox 141 3876 223 3953; x_wconf 73' lang='lat' dir='ltr'><strong>gulae</strong></span> <span class='ocrx_word' id='word_1_293' title='bbox 238 3879 409 3941; x_wconf 87' lang='lat' dir='ltr'><strong>canonicae</strong></span> <span class='ocrx_word' id='word_1_294' title='bbox 429 3895 568 3940; x_wconf 90' lang='lat' dir='ltr'><strong>numero</strong></span> <span class='ocrx_word' id='word_1_295' title='bbox 594 3879 761 3956; x_wconf 83' lang='lat' dir='ltr'><strong>octoginta</strong></span> <span class='ocrx_word' id='word_1_296' title='bbox 781 3877 932 3955; x_wconf 85' lang='lat' dir='ltr'><strong>quatuor,</strong></span> <span class='ocrx_word' id='word_1_297' title='bbox 989 3875 1137 3944; x_wconf 88' lang='lat' dir='ltr'><strong>lasticus,</strong></span> <span class='ocrx_word' id='word_1_298' title='bbox 1165 3876 1266 3953; x_wconf 87' lang='lat' dir='ltr'><strong>episc.</strong></span> <span class='ocrx_word' id='word_1_299' title='bbox 1292 3878 1689 3955; x_wconf 81' lang='lat' dir='ltr'><strong>constantinopolitanus,</strong></span> <span class='ocrx_word' id='word_1_300' title='bbox 1714 3878 1783 3961; x_wconf 91' lang='lat' dir='ltr'><strong>(an.</strong></span> 
     </span>
     <span class='ocr_line' id='line_1_33' title="bbox 144 3972 1782 4053; baseline 0.004 -19"><span class='ocrx_word' id='word_1_301' title='bbox 144 3987 211 4048; x_wconf 86' lang='lat' dir='ltr'><strong>quae</strong></span> <span class='ocrx_word' id='word_1_302' title='bbox 218 3977 254 4036; x_wconf 91' lang='lat' dir='ltr'><strong>in</strong></span> <span class='ocrx_word' id='word_1_303' title='bbox 263 3976 407 4053; x_wconf 86' lang='lat' dir='ltr'><strong>Corpore</strong></span> <span class='ocrx_word' id='word_1_304' title='bbox 415 3977 504 4052; x_wconf 89' lang='lat' dir='ltr'><strong>juris</strong></span> <span class='ocrx_word' id='word_1_305' title='bbox 512 3978 586 4053; x_wconf 91' lang='lat' dir='ltr'><strong>post</strong></span> <span class='ocrx_word' id='word_1_306' title='bbox 598 3977 772 4038; x_wconf 89' lang='lat' dir='ltr'><strong>Decretum</strong></span> <span class='ocrx_word' id='word_1_307' title='bbox 782 3973 933 4036; x_wconf 79' lang='lat' dir='ltr'><strong>Gratiani</strong></span> <span class='ocrx_word' id='word_1_308' title='bbox 987 3972 1072 4052; x_wconf 84' lang='lat'><strong>577),</strong></span> <span class='ocrx_word' id='word_1_309' title='bbox 1089 3972 1146 4050; x_wconf 82' lang='lat' dir='ltr'><strong>qui</strong></span> <span class='ocrx_word' id='word_1_310' title='bbox 1160 3974 1262 4036; x_wconf 87' lang='lat' dir='ltr'><strong>totam</strong></span> <span class='ocrx_word' id='word_1_311' title='bbox 1278 3973 1445 4037; x_wconf 90' lang='lat' dir='ltr'><strong>distribuit</strong></span> <span class='ocrx_word' id='word_1_312' title='bbox 1455 3975 1570 4037; x_wconf 88' lang='lat' dir='ltr'><strong>ordine</strong></span> <span class='ocrx_word' id='word_1_313' title='bbox 1584 3978 1782 4048; x_wconf 77' lang='lat' dir='ltr'><strong>methodica,</strong></span> 
     </span>
     <span class='ocr_line' id='line_1_34' title="bbox 144 4067 1785 4150; baseline 0.003 -21"><span class='ocrx_word' id='word_1_314' title='bbox 144 4067 304 4146; x_wconf 79' lang='lat' dir='ltr'><strong>leguntur.</strong></span> <span class='ocrx_word' id='word_1_315' title='bbox 319 4075 469 4135; x_wconf 80' lang='lat' dir='ltr'><strong>canones</strong></span> <span class='ocrx_word' id='word_1_316' title='bbox 483 4074 613 4135; x_wconf 90' lang='lat' dir='ltr'><strong>illinon</strong></span> <span class='ocrx_word' id='word_1_317' title='bbox 629 4074 706 4134; x_wconf 91' lang='lat' dir='ltr'><strong>sunt</strong></span> <span class='ocrx_word' id='word_1_318' title='bbox 720 4090 801 4150; x_wconf 91' lang='lat' dir='ltr'><strong>opus</strong></span> <span class='ocrx_word' id='word_1_319' title='bbox 814 4073 934 4150; x_wconf 81' lang='lat' dir='ltr'><strong>genui·</strong></span> <span class='ocrx_word' id='word_1_320' title='bbox 988 4068 1021 4131; x_wconf 91' lang='lat' dir='ltr'><strong>et</strong></span> <span class='ocrx_word' id='word_1_321' title='bbox 1034 4071 1124 4145; x_wconf 83' lang='lat' dir='ltr'><strong>leges</strong></span> <span class='ocrx_word' id='word_1_322' title='bbox 1139 4069 1255 4129; x_wconf 85' lang='lat' dir='ltr'><strong>civiles</strong></span> <span class='ocrx_word' id='word_1_323' title='bbox 1270 4071 1429 4147; x_wconf 87' lang='lat' dir='ltr'><strong>quasdam</strong></span> <span class='ocrx_word' id='word_1_324' title='bbox 1444 4070 1591 4133; x_wconf 89' lang='lat' dir='ltr'><strong>addidit:</strong></span> <span class='ocrx_word' id='word_1_325' title='bbox 1608 4072 1695 4135; x_wconf 92' lang='lat' dir='ltr'><strong>unde</strong></span> <span class='ocrx_word' id='word_1_326' title='bbox 1714 4074 1785 4136; x_wconf 92' lang='lat' dir='ltr'><strong>col·</strong></span> 
     </span>
     <span class='ocr_line' id='line_1_35' title="bbox 143 4166 1756 4248; baseline 0.003 -21"><span class='ocrx_word' id='word_1_327' title='bbox 143 4180 214 4231; x_wconf 84' lang='lat' dir='ltr'><strong>num</strong></span> <span class='ocrx_word' id='word_1_328' title='bbox 224 4170 470 4247; x_wconf 84' lang='lat' dir='ltr'><strong>Apostolorum,</strong></span> <span class='ocrx_word' id='word_1_329' title='bbox 480 4171 590 4232; x_wconf 91' lang='lat' dir='ltr'><strong>necab</strong></span> <span class='ocrx_word' id='word_1_330' title='bbox 600 4171 690 4233; x_wconf 91' lang='lat' dir='ltr'><strong>omni</strong></span> <span class='ocrx_word' id='word_1_331' title='bbox 697 4187 792 4232; x_wconf 83' lang='lat' dir='ltr'><strong>naevo</strong></span> <span class='ocrx_word' id='word_1_332' title='bbox 807 4171 932 4231; x_wconf 91' lang='lat' dir='ltr'><strong>immu-</strong></span> <span class='ocrx_word' id='word_1_333' title='bbox 987 4166 1085 4228; x_wconf 88' lang='lat' dir='ltr'><strong>lectio</strong></span> <span class='ocrx_word' id='word_1_334' title='bbox 1099 4167 1164 4228; x_wconf 90' lang='lat' dir='ltr'><strong>ista</strong></span> <span class='ocrx_word' id='word_1_335' title='bbox 1178 4182 1470 4229; x_wconf 79' lang='lat' dir='ltr'><strong>nomo-cononem</strong></span> <span class='ocrx_word' id='word_1_336' title='bbox 1484 4184 1604 4231; x_wconf 92' lang='lat' dir='ltr'><strong>nomen</strong></span> <span class='ocrx_word' id='word_1_337' title='bbox 1618 4171 1756 4248; x_wconf 87' lang='lat' dir='ltr'><strong>accepit.</strong></span> 
     </span>
     <span class='ocr_line' id='line_1_36' title="bbox 142 4263 1784 4353; baseline 0.004 -30"><span class='ocrx_word' id='word_1_338' title='bbox 142 4277 212 4340; x_wconf 83' lang='lat' dir='ltr'><strong>nes;</strong></span> <span class='ocrx_word' id='word_1_339' title='bbox 231 4268 352 4329; x_wconf 86' lang='lat' dir='ltr'><strong>merito</strong></span> <span class='ocrx_word' id='word_1_340' title='bbox 371 4268 482 4330; x_wconf 88' lang='lat' dir='ltr'><strong>tamen</strong></span> <span class='ocrx_word' id='word_1_341' title='bbox 500 4269 696 4345; x_wconf 87' lang='lat' dir='ltr'><strong>reputantur</strong></span> <span class='ocrx_word' id='word_1_342' title='bbox 716 4269 848 4344; x_wconf 79' lang='lat' dir='ltr'><strong>insigne</strong></span> <span class='ocrx_word' id='word_1_343' title='bbox 867 4285 934 4329; x_wconf 90' lang='lat' dir='ltr'><strong>mo-</strong></span> <span class='ocrx_word' id='word_1_344' title='bbox 973 4344 977 4353; x_wconf 63' lang='lat'><strong>.</strong></span> <span class='ocrx_word' id='word_1_345' title='bbox 1027 4265 1122 4325; x_wconf 90' lang='lat' dir='ltr'><strong>Nono</strong></span> <span class='ocrx_word' id='word_1_346' title='bbox 1138 4263 1260 4324; x_wconf 77' lang='lat' dir='ltr'><strong>saeculo</strong></span> <span class='ocrx_word' id='word_1_347' title='bbox 1273 4280 1393 4326; x_wconf 85' lang='lat' dir='ltr'><strong>novam</strong></span> <span class='ocrx_word' id='word_1_348' title='bbox 1406 4265 1634 4328; x_wconf 87' lang='lat' dir='ltr'><strong>collectionem</strong></span> <span class='ocrx_word' id='word_1_349' title='bbox 1647 4268 1784 4329; x_wconf 90' lang='lat' dir='ltr'><strong>concin-</strong></span> 
     </span>
     <span class='ocr_line' id='line_1_37' title="bbox 143 4360 1720 4443; baseline 0.004 -24"><span class='ocrx_word' id='word_1_350' title='bbox 143 4365 330 4427; x_wconf 89' lang='lat' dir='ltr'><strong>numentum</strong></span> <span class='ocrx_word' id='word_1_351' title='bbox 350 4365 533 4441; x_wconf 85' lang='lat' dir='ltr'><strong>disciplinae</strong></span> <span class='ocrx_word' id='word_1_352' title='bbox 557 4365 714 4426; x_wconf 83' lang='lat' dir='ltr'><strong>Ecclesiae</strong></span> <span class='ocrx_word' id='word_1_353' title='bbox 741 4381 801 4443; x_wconf 91' lang='lat' dir='ltr'><strong>per</strong></span> <span class='ocrx_word' id='word_1_354' title='bbox 820 4365 932 4442; x_wconf 85' lang='lat' dir='ltr'><strong>priora</strong></span> <span class='ocrx_word' id='word_1_355' title='bbox 988 4360 1080 4423; x_wconf 83' lang='lat' dir='ltr'><strong>navit</strong></span> <span class='ocrx_word' id='word_1_356' title='bbox 1094 4360 1244 4429; x_wconf 88' lang='lat' dir='ltr'><strong>Photius,</strong></span> <span class='ocrx_word' id='word_1_357' title='bbox 1260 4362 1295 4421; x_wconf 90' lang='lat' dir='ltr'><strong>in</strong></span> <span class='ocrx_word' id='word_1_358' title='bbox 1311 4378 1375 4438; x_wconf 86' lang='lat' dir='ltr'><strong>qua</strong></span> <span class='ocrx_word' id='word_1_359' title='bbox 1391 4362 1541 4438; x_wconf 87' lang='lat' dir='ltr'><strong>quaedam</strong></span> <span class='ocrx_word' id='word_1_360' title='bbox 1556 4364 1720 4440; x_wconf 89' lang='lat' dir='ltr'><strong>suspecta.</strong></span> 
     </span>
     <span class='ocr_line' id='line_1_38' title="bbox 145 4458 1781 4522; baseline 0.004 -6"><span class='ocrx_word' id='word_1_361' title='bbox 145 4461 269 4521; x_wconf 76' lang='lat' dir='ltr'><strong>secula.</strong></span> <span class='ocrx_word' id='word_1_362' title='bbox 1026 4460 1187 4519; x_wconf 72' lang='lat' dir='ltr'><strong>Ecclesiae</strong></span> <span class='ocrx_word' id='word_1_363' title='bbox 1211 4458 1329 4518; x_wconf 73' lang='lat' dir='ltr'><strong>latinae</strong></span> <span class='ocrx_word' id='word_1_364' title='bbox 1354 4460 1563 4519; x_wconf 78' lang='lat' dir='ltr'><strong>collectiones</strong></span> <span class='ocrx_word' id='word_1_365' title='bbox 1592 4459 1645 4519; x_wconf 86' lang='lat' dir='ltr'><strong>hae</strong></span> <span class='ocrx_word' id='word_1_366' title='bbox 1672 4461 1781 4522; x_wconf 89' lang='lat' dir='ltr'><strong>sunt:</strong></span> 
     </span>
     <span class='ocr_line' id='line_1_39' title="bbox 182 4551 1782 4633; baseline 0.004 -18"><span class='ocrx_word' id='word_1_367' title='bbox 182 4554 444 4620; x_wconf 64' lang='lat' dir='ltr'><strong>constitutiones</strong></span> <span class='ocrx_word' id='word_1_368' title='bbox 455 4558 656 4632; x_wconf 80' lang='lat' dir='ltr'><strong>Apostollcce</strong></span> <span class='ocrx_word' id='word_1_369' title='bbox 668 4557 741 4620; x_wconf 88' lang='lat' dir='ltr'><strong>octo</strong></span> <span class='ocrx_word' id='word_1_370' title='bbox 749 4553 844 4618; x_wconf 90' lang='lat' dir='ltr'><strong>libris</strong></span> <span class='ocrx_word' id='word_1_371' title='bbox 853 4574 933 4619; x_wconf 88' lang='lat' dir='ltr'><strong>con·</strong></span> <span class='ocrx_word' id='word_1_372' title='bbox 987 4551 1135 4613; x_wconf 85' lang='lat' dir='ltr'><strong>Ecclesia</strong></span> <span class='ocrx_word' id='word_1_373' title='bbox 1149 4551 1265 4619; x_wconf 87' lang='lat' dir='ltr'><strong>latina,</strong></span> <span class='ocrx_word' id='word_1_374' title='bbox 1282 4551 1323 4611; x_wconf 89' lang='lat' dir='ltr'><strong>ab</strong></span> <span class='ocrx_word' id='word_1_375' title='bbox 1338 4568 1409 4613; x_wconf 83' lang='lat' dir='ltr'><strong>aevo</strong></span> <span class='ocrx_word' id='word_1_376' title='bbox 1423 4552 1604 4629; x_wconf 90' lang='lat' dir='ltr'><strong>apostolico</strong></span> <span class='ocrx_word' id='word_1_377' title='bbox 1620 4572 1725 4633; x_wconf 88' lang='lat' dir='ltr'><strong>usque</strong></span> <span class='ocrx_word' id='word_1_378' title='bbox 1740 4559 1782 4621; x_wconf 90' lang='lat' dir='ltr'><strong>ad</strong></span> 
     </span>
     <span class='ocr_line' id='line_1_40' title="bbox 143 4645 1781 4733; baseline 0.004 -22"><span class='ocrx_word' id='word_1_379' title='bbox 143 4645 293 4725; x_wconf 65' lang='lat' dir='ltr'><strong>mentun,</strong></span> <span class='ocrx_word' id='word_1_380' title='bbox 308 4656 365 4733; x_wconf 86' lang='lat' dir='ltr'><strong>qui</strong></span> <span class='ocrx_word' id='word_1_381' title='bbox 377 4656 495 4717; x_wconf 90' lang='lat' dir='ltr'><strong>inserti</strong></span> <span class='ocrx_word' id='word_1_382' title='bbox 509 4655 586 4717; x_wconf 91' lang='lat' dir='ltr'><strong>sunt</strong></span> <span class='ocrx_word' id='word_1_383' title='bbox 597 4655 632 4717; x_wconf 92' lang='lat' dir='ltr'><strong>in</strong></span> <span class='ocrx_word' id='word_1_384' title='bbox 644 4655 749 4732; x_wconf 90' lang='lat' dir='ltr'><strong>priori</strong></span> <span class='ocrx_word' id='word_1_385' title='bbox 763 4657 931 4717; x_wconf 82' lang='lat' dir='ltr'><strong>volumine</strong></span> <span class='ocrx_word' id='word_1_386' title='bbox 987 4650 1148 4728; x_wconf 88' lang='lat' dir='ltr'><strong>synodum</strong></span> <span class='ocrx_word' id='word_1_387' title='bbox 1162 4649 1355 4727; x_wconf 83' lang='lat' dir='ltr'><strong>Nycaenam,</strong></span> <span class='ocrx_word' id='word_1_388' title='bbox 1379 4651 1491 4712; x_wconf 89' lang='lat' dir='ltr'><strong>secuta</strong></span> <span class='ocrx_word' id='word_1_389' title='bbox 1515 4652 1566 4713; x_wconf 91' lang='lat' dir='ltr'><strong>est</strong></span> <span class='ocrx_word' id='word_1_390' title='bbox 1586 4652 1781 4719; x_wconf 89' lang='lat' dir='ltr'><strong>traditiones</strong></span> 
     </span>
     <span class='ocr_line' id='line_1_41' title="bbox 146 4745 1781 4831; baseline 0.007 -24"><span class='ocrx_word' id='word_1_391' title='bbox 146 4745 346 4814; x_wconf 75' lang='lat' dir='ltr'><strong>collectionis</strong></span> <span class='ocrx_word' id='word_1_392' title='bbox 361 4753 595 4821; x_wconf 82' lang='lat' dir='ltr'><strong>conciliorum,</strong></span> <span class='ocrx_word' id='word_1_393' title='bbox 608 4770 689 4830; x_wconf 93' lang='lat' dir='ltr'><strong>opus</strong></span> <span class='ocrx_word' id='word_1_394' title='bbox 702 4754 783 4815; x_wconf 91' lang='lat' dir='ltr'><strong>illud</strong></span> <span class='ocrx_word' id='word_1_395' title='bbox 793 4771 860 4816; x_wconf 93' lang='lat' dir='ltr'><strong>non</strong></span> <span class='ocrx_word' id='word_1_396' title='bbox 872 4771 933 4815; x_wconf 80' lang='lat' dir='ltr'><strong>ve-</strong></span> <span class='ocrx_word' id='word_1_397' title='bbox 986 4747 1027 4809; x_wconf 88' lang='lat' dir='ltr'><strong>ab</strong></span> <span class='ocrx_word' id='word_1_398' title='bbox 1041 4748 1206 4826; x_wconf 75' lang='lat' dir='ltr'><strong>Apostolis</strong></span> <span class='ocrx_word' id='word_1_399' title='bbox 1232 4747 1396 4825; x_wconf 87' lang='lat' dir='ltr'><strong>acceptas,</strong></span> <span class='ocrx_word' id='word_1_400' title='bbox 1423 4749 1456 4812; x_wconf 91' lang='lat' dir='ltr'><strong>et</strong></span> <span class='ocrx_word' id='word_1_401' title='bbox 1474 4765 1597 4827; x_wconf 87' lang='lat' dir='ltr'><strong>paucas</strong></span> <span class='ocrx_word' id='word_1_402' title='bbox 1612 4755 1781 4831; x_wconf 79' lang='lat' dir='ltr'><strong>regulasa</strong></span> 
     </span>
     <span class='ocr_line' id='line_1_42' title="bbox 146 4843 1780 4929; baseline 0.004 -20"><span class='ocrx_word' id='word_1_403' title='bbox 146 4843 189 4909; x_wconf 79' lang='lat' dir='ltr'><strong>nl</strong></span> <span class='ocrx_word' id='word_1_404' title='bbox 199 4848 238 4909; x_wconf 88' lang='lat' dir='ltr'><strong>ab</strong></span> <span class='ocrx_word' id='word_1_405' title='bbox 252 4851 430 4927; x_wconf 85' lang='lat' dir='ltr'><strong>Apostolis,</strong></span> <span class='ocrx_word' id='word_1_406' title='bbox 446 4867 508 4913; x_wconf 92' lang='lat' dir='ltr'><strong>nec</strong></span> <span class='ocrx_word' id='word_1_407' title='bbox 522 4851 563 4915; x_wconf 88' lang='lat' dir='ltr'><strong>ab</strong></span> <span class='ocrx_word' id='word_1_408' title='bbox 578 4852 809 4929; x_wconf 85' lang='lat' dir='ltr'><strong>Apostolorum</strong></span> <span class='ocrx_word' id='word_1_409' title='bbox 829 4852 932 4914; x_wconf 88' lang='lat' dir='ltr'><strong>disci·</strong></span> <span class='ocrx_word' id='word_1_410' title='bbox 987 4848 1044 4908; x_wconf 84' lang='lat' dir='ltr'><strong>SS.</strong></span> <span class='ocrx_word' id='word_1_411' title='bbox 1061 4845 1277 4909; x_wconf 85' lang='lat' dir='ltr'><strong>Pontificibus</strong></span> <span class='ocrx_word' id='word_1_412' title='bbox 1305 4846 1473 4924; x_wconf 80' lang='lat' dir='ltr'><strong>praefixas.</strong></span> <span class='ocrx_word' id='word_1_413' title='bbox 1492 4848 1617 4921; x_wconf 89' lang='lat' dir='ltr'><strong>Quibus</strong></span> <span class='ocrx_word' id='word_1_414' title='bbox 1636 4853 1780 4928; x_wconf 89' lang='lat' dir='ltr'><strong>primum</strong></span> 
     </span>
     <span class='ocr_line' id='line_1_43' title="bbox 146 4942 1778 5026; baseline 0.008 -25"><span class='ocrx_word' id='word_1_415' title='bbox 146 4942 233 5015; x_wconf 86' lang='lat' dir='ltr'><strong>pulis,</strong></span> <span class='ocrx_word' id='word_1_416' title='bbox 250 4948 368 5010; x_wconf 86' lang='lat' dir='ltr'><strong>saltem</strong></span> <span class='ocrx_word' id='word_1_417' title='bbox 390 4949 488 5026; x_wconf 85' lang='lat' dir='ltr'><strong>quale</strong></span> <span class='ocrx_word' id='word_1_418' title='bbox 512 4966 602 5011; x_wconf 90' lang='lat' dir='ltr'><strong>nunc</strong></span> <span class='ocrx_word' id='word_1_419' title='bbox 626 4951 726 5015; x_wconf 78' lang='lat' dir='ltr'><strong>extat.</strong></span> <span class='ocrx_word' id='word_1_420' title='bbox 755 4951 928 5022; x_wconf 69' lang='lat' dir='ltr'><strong>Caeterum,</strong></span> <span class='ocrx_word' id='word_1_421' title='bbox 984 4942 1106 5022; x_wconf 89' lang='lat' dir='ltr'><strong>adjecit</strong></span> <span class='ocrx_word' id='word_1_422' title='bbox 1132 4960 1276 5007; x_wconf 87' lang='lat' dir='ltr'><strong>canones</strong></span> <span class='ocrx_word' id='word_1_423' title='bbox 1302 4945 1466 5022; x_wconf 81' lang='lat' dir='ltr'><strong>Nycaenos</strong></span> <span class='ocrx_word' id='word_1_424' title='bbox 1493 4947 1525 5008; x_wconf 91' lang='lat' dir='ltr'><strong>et</strong></span> <span class='ocrx_word' id='word_1_425' title='bbox 1552 4950 1778 5014; x_wconf 82' lang='lat' dir='ltr'><strong>sardicenses.</strong></span> 
     </span>
     <span class='ocr_line' id='line_1_44' title="bbox 145 5042 1781 5126; baseline 0.007 -26"><span class='ocrx_word' id='word_1_426' title='bbox 145 5042 398 5116; x_wconf 78' lang='lat' dir='ltr'><strong>constitutiones,</strong></span> <span class='ocrx_word' id='word_1_427' title='bbox 420 5046 507 5108; x_wconf 87' lang='lat' dir='ltr'><strong>sicut</strong></span> <span class='ocrx_word' id='word_1_428' title='bbox 532 5047 565 5110; x_wconf 93' lang='lat' dir='ltr'><strong>et</strong></span> <span class='ocrx_word' id='word_1_429' title='bbox 589 5064 733 5110; x_wconf 88' lang='lat' dir='ltr'><strong>canones</strong></span> <span class='ocrx_word' id='word_1_430' title='bbox 754 5050 930 5126; x_wconf 85' lang='lat' dir='ltr'><strong>Apostolo-</strong></span> <span class='ocrx_word' id='word_1_431' title='bbox 983 5043 1103 5105; x_wconf 90' lang='lat' dir='ltr'><strong>Postea</strong></span> <span class='ocrx_word' id='word_1_432' title='bbox 1117 5042 1245 5120; x_wconf 80' lang='lat' dir='ltr'><strong>vulgati</strong></span> <span class='ocrx_word' id='word_1_433' title='bbox 1260 5044 1337 5105; x_wconf 91' lang='lat' dir='ltr'><strong>sunt</strong></span> <span class='ocrx_word' id='word_1_434' title='bbox 1356 5059 1501 5106; x_wconf 88' lang='lat' dir='ltr'><strong>canones</strong></span> <span class='ocrx_word' id='word_1_435' title='bbox 1521 5047 1733 5110; x_wconf 89' lang='lat' dir='ltr'><strong>orientalium</strong></span> <span class='ocrx_word' id='word_1_436' title='bbox 1748 5049 1781 5112; x_wconf 90' lang='lat' dir='ltr'><strong>et</strong></span> 
     </span>
     <span class='ocr_line' id='line_1_45' title="bbox 146 5138 1778 5220; baseline 0.006 -21"><span class='ocrx_word' id='word_1_437' title='bbox 146 5145 212 5199; x_wconf 82' lang='lat' dir='ltr'><strong>ram</strong></span> <span class='ocrx_word' id='word_1_438' title='bbox 236 5143 341 5205; x_wconf 90' lang='lat' dir='ltr'><strong>multa</strong></span> <span class='ocrx_word' id='word_1_439' title='bbox 368 5145 629 5220; x_wconf 84' lang='lat' dir='ltr'><strong>complectuntur</strong></span> <span class='ocrx_word' id='word_1_440' title='bbox 661 5138 805 5208; x_wconf 77' lang='lat' dir='ltr'><strong>maixime</strong></span> <span class='ocrx_word' id='word_1_441' title='bbox 833 5147 929 5210; x_wconf 83' lang='lat' dir='ltr'><strong>utilia</strong></span> <span class='ocrx_word' id='word_1_442' title='bbox 984 5157 1128 5202; x_wconf 90' lang='lat' dir='ltr'><strong>canones</strong></span> <span class='ocrx_word' id='word_1_443' title='bbox 1142 5142 1280 5218; x_wconf 89' lang='lat' dir='ltr'><strong>insuper</strong></span> <span class='ocrx_word' id='word_1_444' title='bbox 1293 5142 1526 5205; x_wconf 85' lang='lat' dir='ltr'><strong>Africanorum</strong></span> <span class='ocrx_word' id='word_1_445' title='bbox 1539 5147 1778 5208; x_wconf 86' lang='lat' dir='ltr'><strong>conciliorum:</strong></span> 
     </span>
     <span class='ocr_line' id='line_1_46' title="bbox 148 5238 1754 5318; baseline 0.006 -23"><span class='ocrx_word' id='word_1_446' title='bbox 148 5238 329 5302; x_wconf 81' lang='lat' dir='ltr'><strong>canonistis.</strong></span> <span class='ocrx_word' id='word_1_447' title='bbox 984 5256 1066 5317; x_wconf 88' lang='lat' dir='ltr'><strong>quos</strong></span> <span class='ocrx_word' id='word_1_448' title='bbox 1080 5255 1195 5302; x_wconf 89' lang='lat' dir='ltr'><strong>omnes</strong></span> <span class='ocrx_word' id='word_1_449' title='bbox 1211 5239 1362 5302; x_wconf 90' lang='lat' dir='ltr'><strong>collectio</strong></span> <span class='ocrx_word' id='word_1_450' title='bbox 1377 5245 1503 5303; x_wconf 77' lang='lat' dir='ltr'><strong>Prisca</strong></span> <span class='ocrx_word' id='word_1_451' title='bbox 1516 5243 1754 5318; x_wconf 88' lang='lat' dir='ltr'><strong>complectitur.</strong></span> 
     </span>
     <span class='ocr_line' id='line_1_47' title="bbox 181 5335 1780 5416; baseline 0.006 -23"><span class='ocrx_word' id='word_1_452' title='bbox 181 5335 336 5400; x_wconf 74' lang='lat' dir='ltr'><strong>Eceestce</strong></span> <span class='ocrx_word' id='word_1_453' title='bbox 361 5355 486 5416; x_wconf 79' lang='lat' dir='ltr'><strong>praecoe</strong></span> <span class='ocrx_word' id='word_1_454' title='bbox 509 5340 724 5404; x_wconf 77' lang='lat' dir='ltr'><strong>collectiones</strong></span> <span class='ocrx_word' id='word_1_455' title='bbox 744 5342 797 5405; x_wconf 85' lang='lat' dir='ltr'><strong>hae</strong></span> <span class='ocrx_word' id='word_1_456' title='bbox 823 5345 927 5406; x_wconf 88' lang='lat' dir='ltr'><strong>sunt:</strong></span> <span class='ocrx_word' id='word_1_457' title='bbox 1024 5337 1121 5400; x_wconf 89' lang='lat' dir='ltr'><strong>Initio</strong></span> <span class='ocrx_word' id='word_1_458' title='bbox 1149 5337 1272 5400; x_wconf 86' lang='lat' dir='ltr'><strong>saeculo</strong></span> <span class='ocrx_word' id='word_1_459' title='bbox 1305 5339 1402 5411; x_wconf 80' lang='lat' dir='ltr'><strong>senti,</strong></span> <span class='ocrx_word' id='word_1_460' title='bbox 1433 5338 1612 5416; x_wconf 87' lang='lat' dir='ltr'><strong>Dionysius</strong></span> <span class='ocrx_word' id='word_1_461' title='bbox 1632 5340 1780 5415; x_wconf 76' lang='lat' dir='ltr'><strong>Exiguus</strong></span> 
     </span>
     <span class='ocr_line' id='line_1_48' title="bbox 149 5423 1779 5514; baseline 0.006 -22"><span class='ocrx_word' id='word_1_462' title='bbox 149 5423 283 5496; x_wconf 79' lang='lat' dir='ltr'><strong>aeclesia</strong></span> <span class='ocrx_word' id='word_1_463' title='bbox 307 5439 422 5500; x_wconf 78' lang='lat' dir='ltr'><strong>Graeca</strong></span> <span class='ocrx_word' id='word_1_464' title='bbox 445 5437 561 5500; x_wconf 88' lang='lat' dir='ltr'><strong>babuit</strong></span> <span class='ocrx_word' id='word_1_465' title='bbox 584 5456 677 5502; x_wconf 89' lang='lat' dir='ltr'><strong>suam</strong></span> <span class='ocrx_word' id='word_1_466' title='bbox 702 5441 929 5506; x_wconf 90' lang='lat' dir='ltr'><strong>collectionem</strong></span> <span class='ocrx_word' id='word_1_467' title='bbox 984 5436 1224 5498; x_wconf 70' lang='lat' dir='ltr'><strong>accuratiorem</strong></span> <span class='ocrx_word' id='word_1_468' title='bbox 1239 5452 1416 5513; x_wconf 73' lang='lat' dir='ltr'><strong>aggressus</strong></span> <span class='ocrx_word' id='word_1_469' title='bbox 1437 5439 1499 5508; x_wconf 76' lang='lat' dir='ltr'><strong>ast,</strong></span> <span class='ocrx_word' id='word_1_470' title='bbox 1520 5435 1556 5496; x_wconf 79' lang='lat' dir='ltr'><strong>ia</strong></span> <span class='ocrx_word' id='word_1_471' title='bbox 1572 5434 1654 5497; x_wconf 73' lang='lat' dir='ltr'><strong>duas</strong></span> <span class='ocrx_word' id='word_1_472' title='bbox 1667 5439 1779 5514; x_wconf 85' lang='lat' dir='ltr'><strong>partes</strong></span> 
     </span>
     <span class='ocr_line' id='line_1_49' title="bbox 149 5533 1781 5629; baseline 0.009 -43"><span class='ocrx_word' id='word_1_473' title='bbox 149 5535 300 5595; x_wconf 74' lang='lat' dir='ltr'><strong>sanonum</strong></span> <span class='ocrx_word' id='word_1_474' title='bbox 314 5534 461 5612; x_wconf 86' lang='lat' dir='ltr'><strong>tempore</strong></span> <span class='ocrx_word' id='word_1_475' title='bbox 482 5537 616 5599; x_wconf 91' lang='lat' dir='ltr'><strong>concilii</strong></span> <span class='ocrx_word' id='word_1_476' title='bbox 639 5539 928 5615; x_wconf 84' lang='lat' dir='ltr'><strong>Chalcedonensis,</strong></span> <span class='ocrx_word' id='word_1_477' title='bbox 953 5600 961 5629; x_wconf 40' lang='grc' dir='ltr'><strong><em>ι</em></strong></span> <span class='ocrx_word' id='word_1_478' title='bbox 984 5533 1136 5606; x_wconf 89' lang='lat' dir='ltr'><strong>divisam,</strong></span> <span class='ocrx_word' id='word_1_479' title='bbox 1165 5549 1304 5612; x_wconf 88' lang='lat' dir='ltr'><strong>quarum</strong></span> <span class='ocrx_word' id='word_1_480' title='bbox 1328 5533 1435 5611; x_wconf 86' lang='lat' dir='ltr'><strong>prima</strong></span> <span class='ocrx_word' id='word_1_481' title='bbox 1455 5546 1599 5593; x_wconf 87' lang='lat' dir='ltr'><strong>canones</strong></span> <span class='ocrx_word' id='word_1_482' title='bbox 1619 5536 1781 5600; x_wconf 91' lang='lat' dir='ltr'><strong>concilio-</strong></span> 
     </span>
    </p>
   </div>
   <div class='ocr_carea' id='block_1_9' title="bbox 323 5705 1635 5767">
    <p class='ocr_par' dir='ltr' id='par_1_10' title="bbox 323 5705 1635 5767">
     <span class='ocr_line' id='line_1_50' title="bbox 323 5705 1635 5767; baseline 0.013 -8"><span class='ocrx_word' id='word_1_483' title='bbox 323 5716 439 5763; x_wconf 76' lang='lat' dir='ltr'><strong>rlrnnr..</strong></span> <span class='ocrx_word' id='word_1_484' title='bbox 459 5718 534 5764; x_wconf 81' lang='lat' dir='ltr'><strong>noun</strong></span> <span class='ocrx_word' id='word_1_485' title='bbox 553 5707 575 5764; x_wconf 92' lang='lat' dir='ltr'><strong>l.</strong></span> <span class='ocrx_word' id='word_1_486' title='bbox 1608 5705 1635 5767; x_wconf 67' lang='lat'><strong>4·</strong></span> 
     </span>
    </p>
   </div>
   <div class='ocr_carea' id='block_1_10' title="bbox 0 0 2011 6196">
    <p class='ocr_par' dir='ltr' id='par_1_11' title="bbox 0 0 2011 6196">
     <span class='ocr_line' id='line_1_51' title="bbox 0 0 2011 6196; baseline 0 0"><span class='ocrx_word' id='word_1_487' title='bbox 0 0 2011 6196; x_wconf 95' lang='lat' dir='ltr'><strong> </strong></span> 
     </span>
    </p>
   </div>
  </div>
 </body>
</html>
