3936 6182
208 268 270 331 535
822 270 1000 336 HONORII
1020 274 1067 336 111
1087 273 1236 337 OPERA·
1795 271 1848 334 530

244 425 394 489 Ecclesia
412 426 744 502 liudenestorvemls,
767 442 871 491 unum
891 442 1007 494 mara-
1104 427 1608 502 EonmterlnmlnNernesbim
1627 442 1733 490 unum
1743 444 1846 493 mara-

209 520 372 587 butinum.
1061 527 1223 590 butinum.

247 623 488 685 Monasterium
509 622 701 702 squirense,
718 636 821 686 unum
844 624 1006 688 mmabu-
1101 623 1341 688 Monasterium
1352 622 1389 686 in
1402 621 1533 696 berica,
1549 636 1654 685 unum
1673 620 1847 686 marabuti-

209 719 327 781 iiuum.
1062 739 1155 785 num.

247 817 397 881 Ecclesia
413 818 544 883 Sanctae
560 820 807 892 bismannum
821 820 1009 885 marabuti-
1102 818 1342 884 Monasterium
1360 815 1730 891 lnckenchenbrunen,
1746 815 1848 880 12ᾱο-

210 931 300 977 num.
1065 918 1180 981 narlos
1192 915 1403 995 augustensis
1416 916 1570 979 monetes.

248 1014 495 1092 inepiscopatu
510 1014 686 1092 dungensi.
1104 1014 1427 1088 Eccleeuinuieze
1443 1030 1547 1076 unum
1561 1011 1816 1076 marabutinum.

248 1112 287 1174 In
310 1112 503 1190 episcopatu
526 1112 720 1176 Brixinenst
739 1134 747 1175 ε
768 1112 919 1177 Ecclesia
939 1115 1011 1178 Ru-
1103 1114 1254 1177 Ecclesia
1267 1113 1304 1175 in
1316 1112 1503 1185 Perenriih,
1520 1110 1632 1174 albam
1651 1112 1686 1174 et
1705 1111 1851 1173 amictum

208 1208 324 1282 tensis,
339 1226 441 1271 nnnm
451 1210 708 1273 marabutiuum.
1064 1226 1125 1290 per
1137 1211 1320 1275 biennium.

249 1307 287 1368 in
302 1307 590 1386 archiepiscopatu
599 1308 798 1371 'irenei-ensi
812 1331 820 1370 :
836 1310 1009 1374 monaste-
1104 1308 1254 1373 Ecclesia
1268 1308 1401 1372 Sanctae
1414 1307 1532 1371 uarie
1550 1305 1586 1369 in
1606 1303 1852 1380 Rochenbunch,

209 1402 581 1481 riuminRumerstorf,
595 1422 698 1469 unum
711 1421 862 1469 aureum.
1065 1418 1169 1471 unum
1183 1404 1441 1470 marabutinum.

248 1503 489 1566 Monasterium
508 1505 638 1567 Sanctae
652 1504 820 1568 Mariaein
838 1507 1012 1569 burchen-
1105 1504 1255 1568 Ecclesia
1270 1504 1384 1569 sancu
1401 1501 1635 1580 augustinide
1655 1498 1852 1574 Recenborc,

209 1598 305 1678 burg,
322 1617 425 1663 unum
435 1617 587 1676 aureum,
604 1601 815 1671 etbsolidos.
1065 1618 1170 1666 unum
1183 1600 1442 1665 marabutinum.

249 1700 288 1759 In
300 1700 493 1779 episcopatu
504 1698 646 1763 Metensi
658 1721 667 1761 z
681 1698 850 1763 canonica
860 1697 901 1764 de
912 1699 1012 1764 Stan-
1105 1698 1344 1764 Monasterium
1364 1698 1478 1762 Sancti
1498 1696 1648 1767 Martini,
1669 1711 1776 1758 unum
1789 1711 1854 1757 ma·

209 1794 369 1871 dalmunt,
387 1813 489 1859 unum
503 1797 760 1861 marabutinum.
1065 1796 1268 1863 tabutinum.

248 1894 488 1957 Monasterium
503 1895 616 1958 Sancti
624 1895 1011 1969 Petridehionte,unum
1106 1895 1255 1960 Ecclesia
1279 1893 1393 1958 Sancti
1416 1892 1581 1958 ,lobannis
1613 1892 1656 1954 de
1682 1892 1854 1968 emensas,

210 1990 470 2054 marabutiaum.
1067 2009 1172 2056 unum
1183 1991 1443 2057 marabutinum.

248 2089 398 2151 Ecclesia
405 2090 536 2154 saneta
548 2090 665 2154 Mariae
675 2090 717 2154 de
730 2091 901 2169 Fraystor‚
909 2106 1012 2153 unum
1106 2090 1350 2155 Monasterium
1362 2089 1403 2152 de
1414 2086 1605 2164 Alchingin,
1617 2089 1639 2149 3
1652 2102 1788 2150 aureos.

211 2185 470 2249 marabutinum.
1107 2190 1145 2259 In
1160 2188 1449 2267 archiepiscopatu
1469 2186 1669 2249 Bisuntino:
1694 2184 1857 2247 Menace

250 2284 289 2345 In
303 2283 496 2362 episcopatu
509 2284 659 2348 Tullensi
673 2307 681 2347 τ
697 2285 941 2349 Monasterium
952 2286 1015 2349 Vi·
1066 2285 1355 2359 sumusnostra,
1372 2287 1412 2349 10
1428 2284 1553 2347 sohdos
1576 2282 1771 2345 basiliensis
1791 2296 1857 2343 mo·

210 2381 424 2453 veuiacense,
450 2385 471 2444 6
497 2384 674 2460 argenteos
702 2384 917 2447 virdunensis
940 2400 1015 2447 mo-
1068 2384 1165 2448 natae.

211 2480 309 2542 netas.
1107 2480 1256 2545 Ecclesia
1270 2481 1401 2543 Sanctae
1411 2478 1527 2542 Maria
1537 2477 1640 2541 castri
1650 2473 1859 2539 carahdebet

253 2575 403 2639 Ecclesia
418 2577 531 2640 Sancti
546 2577 695 2652 Deodatt,
710 2593 812 2640 unum
827 2577 1015 2643 marabuti·
1069 2577 1110 2644 de
1124 2578 1297 2660 septennio
1317 2578 1353 2643 in
1372 2576 1582 2656 septennium
1605 2576 1644 2637 10
1656 2574 1765 2636 libras
1783 2588 1860 2636 cera
1958 2580 1959 2585 ’

211 2689 392 2834 nualleluuia
404 2771 696 2847 calmosiacensis,
708 2788 810 2836 unam
820 2772 949 2848 stolam,
958 2774 1014 2839 nel
1068 2691 1354 2854 preneglniasucbpm
1376 2770 1555 2834 Basiliensi
1569 2792 1577 2832 ε
1591 2768 1745 2832 Ecclesia
1758 2766 1860 2830 Sancti

209 2868 353 2932 dobolcs
365 2869 631 2933 massamutinos.
1070 2872 1172 2946 Petri,
1188 2884 1291 2934 unum
1302 2868 1559 2959 marabutinum.

250 2968 400 3030 Ecclesia
413 2968 543 3032 Sanctae
558 2968 684 3044 crucis,
698 2971 719 3030 2
734 2970 851 3033 uncias
865 2969 941 3034 auri
953 2985 1014 3050 pro
1109 2968 1258 3033 Ecclesia
1285 2966 1536 3043 Remongensis,
1563 2965 1597 3028 et
1616 2963 1659 3027 de
1691 2962 1858 3033 Olimberc,

213 3066 314 3127 Rosa.
1070 3082 1173 3129 unum
1184 3064 1367 3127 bizantium
1381 3064 1564 3126 annuatim.

252 3161 401 3225 Ecclesia
418 3164 666 3227 Romaricensis
677 3165 713 3227 in
726 3180 815 3229 anno
832 3164 1013 3240 bissextili,
1110 3162 1349 3227 Monasterium
1365 3161 1478 3224 Sancti
1489 3158 1669 3233 vincentii,
1685 3173 1791 3220 unum
1802 3171 1859 3221 ma·

211 3275 335 3338 equum
353 3260 465 3324 album
480 3278 540 3340 pro
552 3262 686 3325 domino
702 3265 805 3341 Papa,
819 3264 1015 3342 coopertum
1070 3260 1273 3325 rabutinum.

213 3357 423 3422 baldachino.
1109 3349 1859 3428 nonasteriumsanctecrneis,2uneiasaari

250 3459 288 3518 In
310 3458 504 3535 episcopatu
520 3457 731 3520 verdunensi
748 3479 756 3519 a
774 3458 1016 3522 Monasterium
1069 3473 1129 3538 pro
1143 3460 1235 3520 Rosa
1249 3470 1361 3518 aurea
1377 3453 1413 3515 in
1429 3454 1567 3517 Laetare
1583 3455 1791 3524 Jerusalem,
1805 3450 1859 3513 etc.

213 3554 327 3616 Sancti
339 3555 453 3617 Vitoni
465 3555 704 3629 verdunensis,
729 3557 768 3618 12
788 3555 945 3620 denarios
957 3572 1017 3620 ca·
1110 3557 1148 3619 In
1163 3552 1355 3633 episcopatu
1378 3550 1586 3615 Lausanensi
1602 3564 1610 3606 ε
1627 3548 1780 3613 Ecclesia
1799 3549 1861 3622 fly-

211 3650 420 3713 talaunensis
433 3653 587 3715 monetae.
1071 3651 1244 3721 lemensis,
1260 3664 1362 3713 unum
1376 3647 1635 3710 marabutinum.

207 3797 209 3800 ,
250 3748 401 3810 Ecclesia
415 3750 529 3813 Sancti
544 3750 701 3814 Petrihio
703 3793 804 3813 ........
1111 3748 1260 3813 Ecclesia
1288 3746 1419 3809 macte
1447 3744 1564 3807 Mariae
1583 3739 1859 3810 Paterniauensis,

966 3844 970 3850 “
1070 3845 1241 3909 2solidos.

441 3965 777 4027 ΒυιῑθυΝΜΛ,
1112 3938 1544 4023 inepiscopatuBelicensi.

1112 4045 1151 4105 In
1185 4039 1377 4120 episcopatu
1415 4034 1682 4100 Ebrsdunensi:
1722 4028 1861 4095 Ecclesia

257 4140 295 4199 In
309 4137 599 4218 archiepiscopatu
611 4140 811 4204 Tarentano.
1047 4204 1048 4207 ,
1071 4136 1274 4203 crossiensis
1284 4136 1382 4216 juxta
1395 4138 1552 4211 Burgum,
1570 4134 1627 4212 qui
1641 4131 1782 4194 uocatur
1791 4126 1862 4191 Mal-

256 4235 294 4296 Iu
308 4235 501 4314 episcopatu
516 4237 712 4300 sedunensi.
1047 4302 1048 4305 ,
1070 4236 1183 4309 turtel,
1198 4248 1300 4297 unum
1315 4232 1573 4295 marabutinum.

252 4334 292 4395 In
316 4334 510 4413 episcopatu
531 4335 732 4413 hegumensl
749 4357 757 4397 ε
773 4335 1013 4399 Monasterium
1048 4348 1051 4365 ·
1110 4337 1149 4399 In
1163 4331 1355 4412 episcopatu
1369 4329 1540 4407 Dignensi.

213 4431 328 4494 Sancti
342 4432 499 4506 Odalricl‚
516 4449 620 4495 unum
632 4431 891 4495 marabutiuum.
1110 4435 1149 4493 ln
1163 4429 1357 4509 episcopatu
1368 4426 1524 4489 Nitiensi.

254 4528 403 4593 Ecclesia
433 4532 564 4594 Sanctae
587 4531 705 4594 biariae
733 4531 773 4594 de
794 4528 1013 4603 Retcinbueb,
1110 4530 1148 4591 in
1162 4526 1354 4607 episcopatu
1367 4522 1606 4602 antipolitano,
1624 4520 1681 4600 qui
1706 4520 1757 4583 est
1770 4520 1860 4581 cras-

213 4625 519 4691 albametetolam.
1071 4625 1191 4689 sensis.

257 4722 407 4784 Ecclesia
427 4724 557 4785 Sanctae
578 4725 707 4799 crucis,
730 4740 834 4786 unum
858 4723 1018 4787 marabu·
1111 4728 1149 4788 In
1163 4723 1357 4801 episcopatu
1371 4719 1602 4783 Glandetensi,

214 4817 337 4879 tinum.
1112 4824 1150 4885 ln
1164 4820 1357 4900 episcopatu
1372 4817 1563 4881 senecensi.

254 4914 494 4975 Monasterium
522 4916 637 4978 Sancti
667 4916 806 4979 Martini
832 4917 873 4980 de
900 4919 1012 4993 lhsan,
1112 4914 1551 4998 lneplscopatuventiensi.

217 5025 320 5072 unum
335 5009 592 5073 marabutinum.

257 5107 1015 5192 MonasteriumSanctiJohannisdestanam,
1309 5128 1638 5194 PROVINCIA.

220 5219 322 5265 unum
337 5203 596 5267 marabutinum.

261 5300 500 5363 Monasterium
513 5301 548 5363 in
562 5302 708 5379 hhusen,
723 5322 825 5371 unum
840 5308 1019 5373 marabuti-
1114 5314 1151 5374 In
1173 5308 1462 5387 archiepiscopatu
1486 5305 1635 5384 aquensi
1656 5325 1665 5366 ι
1690 5304 1807 5366 Petrus
1826 5298 1862 5359 de

221 5412 313 5458 num.
1074 5408 1258 5481 Lambiseo,
1274 5422 1377 5468 unum
1392 5402 1650 5466 marabutinum.

261 5493 502 5556 Monasterium
512 5495 548 5558 in
562 5500 720 5573 Werdhe,
738 5518 840 5566 unum
855 5504 1016 5568 marabu-
1113 5503 1286 5584 Hospitale
1300 5500 1471 5574 Delsuath,
1492 5515 1596 5562 unum
1612 5496 1861 5560 marabutinum.

224 5588 341 5650 iillum·
1113 5597 1581 5670 Monasteriumdesorduah,
1601 5595 1770 5659 bsolidos.
