3960 6188
224 282 286 345 835
688 290 864 351 HONORII
887 292 932 352 111
954 291 1102 354 OPERA.
1118 323 1159 339 -
1173 295 1407 358 SERMONES.
1823 305 1889 367 8ae

224 445 329 515 ratur,
359 443 417 505 sed
445 446 519 522 post
539 460 668 509 coenam
693 447 821 511 nullum
845 449 1020 527 prandium
1076 453 1161 515 sicut
1174 454 1325 517 cbristus
1339 456 1497 535 praecepit
1505 458 1675 534 Apostolis
1692 481 1701 523 ε
1716 462 1785 535 lte,
1801 465 1889 537 bop-

222 541 337 602 restat.
1076 551 1180 612 tizate
1195 566 1312 614 omncs
1330 555 1487 630 gentes...
1513 552 1645 633 (natu.
1665 574 1789 631 urin,
1812 560 1885 639 19).

263 638 416 702 Surrexit
430 640 590 702 Dominus
608 657 629 703 a
647 658 754 706 coena.
770 644 810 706 u
823 644 902 721 qula
917 646 1020 708 oeter-
1076 648 1116 708 Et
1129 648 1163 708 in
1179 650 1357 724 Evangelio
1374 672 1383 711 ε
1408 654 1487 713 Nisi
1510 656 1587 726 quo
1607 657 1754 717 renatus
1767 659 1886 730 nuent

221 751 301 801 num
315 738 411 800 nobis
428 740 516 801 Deus
528 740 717 802 convivium
733 740 769 802 in
783 744 931 804 extrem
944 759 1022 820 pre-
1075 759 1122 804 cer
1135 761 1227 819 nouo
1239 747 1274 807 et
1290 748 1426 821 Spiritu
1438 751 1576 822 Sancto,
1598 766 1667 812 non
1681 754 1832 815 &arabit
1847 759 1886 816 in

217 840 327 919 parat,
343 836 440 910 idest,
457 838 493 900 in
509 836 576 899 dne
591 836 716 910 mundi,
742 838 874 916 quando
886 840 1022 903 satiabit
1074 856 1221 917 realium
1248 848 1412 905 coelorum
1434 844 1544 923 (ioan.
1570 863 1627 919 ιιι,
1657 847 1704 927 5).
1734 852 1884 915 Accedit

212 954 335 1001 omnes
354 937 487 1001 muetos
506 936 540 998 et
557 935 681 997 electos
709 935 885 999 saturitate
908 938 1018 1015 plena,
1073 938 1210 1000 verbum
1224 940 1265 1001 ad
1281 942 1491 1015 elementum,
1507 946 1541 1006 et
1556 944 1593 1006 tit
1609 948 1882 1010 Sacramentum.

206 1037 299 1113 ⁴quia
320 1031 704 1097 videbimuseumiacie
726 1032 920 1107 adfaciem,
941 1037 1020 1098 tunc
1072 1034 1122 1097 Ad
1143 1053 1273 1098 coenam
1294 1054 1448 1115 magnam
1471 1041 1543 1110 Dei,
1571 1041 1669 1116 idest,
1692 1045 1735 1104 ad
1765 1046 1882 1122 ipsum

217 1134 344 1195 erimus
359 1132 477 1209 repleti
492 1133 582 1193 omni
597 1132 778 1194 retectione
793 1132 870 1195 vitae
885 1134 1020 1196 aeternae
1073 1135 1187 1206 Deum,
1198 1136 1255 1212 qui
1266 1151 1407 1212 magnus
1417 1137 1478 1209 est,
1489 1140 1523 1200 et
1534 1154 1655 1216 magna
1667 1142 1881 1221 virtusejus,

207 1232 252 1292 »et
263 1231 352 1291 omni
365 1230 538 1292 saturitate
553 1230 697 1292 coelestis
709 1230 837 1307 gloriae.
1073 1230 1151 1306 quia
1174 1232 1241 1295 erit
1260 1232 1332 1308 ipse
1354 1234 1449 1295 vohis
1468 1235 1605 1298 reiectio
1621 1238 1698 1299 vitae
1721 1240 1881 1315 aeternae,

260 1331 414 1389 Decoena
432 1327 624 1389 refectionis
647 1327 725 1389 ritae
747 1334 882 1390 aeternae
897 1327 1020 1405 legitur
1073 1330 1169 1405 cujus
1184 1329 1313 1390 visione
1324 1331 1466 1407 pleniter
1479 1333 1602 1406 satiati,
1619 1350 1688 1396 non
1704 1339 1876 1409 esurietis,

218 1425 256 1486 in
278 1425 503 1502 Apocalypsi:
534 1426 662 1498 Venite,
692 1429 952 1501 congregamini
974 1428 1019 1487 od
1073 1423 1159 1487 sicut
1172 1425 1254 1488 dicit
1267 1427 1568 1505 lsaiaspropheta:
1589 1435 1710 1507 Negare
1723 1440 1880 1509 ammius

216 1538 354 1583 caeroom
367 1538 532 1598 mgnum
550 1526 631 1595 Det·
650 1538 690 1584 ac
706 1523 735 1583 si
750 1523 876 1585 diceret
893 1522 934 1583 ad
950 1538 1019 1584 coe-
1071 1522 1208 1584 sitietis.

220 1636 297 1681 nam
319 1620 418 1681 istam
438 1620 533 1681 multi
562 1622 735 1692 vocantur,
761 1620 818 1681 sed
840 1620 938 1698 pauci
959 1620 1017 1681 in-
1112 1618 1282 1693 Iegimus‚
1307 1619 1394 1698 quod
1420 1622 1546 1699 septem
1570 1622 1690 1687 debent
1715 1627 1881 1689 conside-

218 1718 319 1789 trant,
341 1717 419 1794 quia
443 1717 529 1778 sicut
554 1718 635 1779 dicit
660 1717 836 1793 Apostolus
860 1739 868 1778 :
894 1719 1018 1779 Omnes
1071 1714 1141 1775 rari
1156 1714 1191 1776 in
1202 1718 1403 1779 comestione
1427 1720 1614 1795 spirituali:
1630 1721 1724 1795 tides,
1743 1726 1880 1799 cogita·

219 1816 603 1889 pommeranum
621 1830 712 1875 unus
723 1816 847 1888 occipit
859 1818 1019 1877 bravium
1071 1811 1129 1883 tio,
1146 1812 1378 1887 intelligentia,
1395 1818 1566 1888 memoria,
1591 1832 1698 1890 amor,
1716 1819 1876 1893 imitatio,

220 1910 250 1990 (l
278 1913 352 1972 Gor.
385 1926 440 1983 rx,
468 1909 535 1990 24).
569 1913 643 1973 Νοιι
676 1912 804 1974 intrant
840 1913 1015 1985 Saraceni,
1072 1907 1230 1971 adhaesio.
1249 1911 1354 1972 Homo
1376 1913 1499 1989 quippe
1519 1914 1576 1991 qui
1595 1915 1752 1988 comedit,
1779 1919 1877 1994 prins

218 2009 341 2081 Judaei,
363 2009 496 2087 pagani,
526 2010 559 2071 et
589 2008 666 2070 falsi
687 2010 873 2071 christiani.
898 2010 1017 2071 Venite
1071 2002 1254 2067 buccellam
1279 2008 1376 2084 panis
1396 2011 1498 2072 sumit
1518 2012 1552 2073 et
1572 2012 1608 2072 in
1630 2028 1669 2074 os
1696 2015 1806 2090 ponit,
1841 2017 1878 2078 et

145 2124 153 2144 ·
218 2123 279 2184 per
301 2107 410 2168 tidem.
437 2108 487 2168 Ad
508 2123 637 2168 coenam
658 2108 757 2169 ustam
781 2107 894 2169 nullus
914 2107 1018 2170 intrat
1071 2102 1224 2164 dontibus
1238 2104 1326 2177 terit,
1343 2104 1376 2167 et
1387 2122 1447 2182 per
1458 2107 1597 2168 salivam
1612 2109 1653 2169 de
1668 2110 1782 2185 capite
1796 2111 1878 2172 des-

218 2205 284 2266 nisi
304 2221 363 2282 per
383 2205 492 2278 tidem,
516 2205 594 2283 quia
614 2205 701 2266 sicut
722 2205 802 2267 dicit
815 2206 1015 2282 Apostolus:
1071 2200 1264 2263 uendentem
1290 2200 1328 2262 fit
1351 2201 1446 2264 cibus
1473 2204 1532 2265 ille
1554 2205 1741 2280 glutibilis,
1770 2210 1804 2270 et
1825 2211 1876 2271 sic

217 2307 428 2377 Impossibile
440 2304 491 2365 est
501 2307 576 2365 εῑιιε
588 2305 654 2377 lide
663 2309 804 2377 placere
814 2307 884 2365 Deo
900 2301 1014 2380 (Hebr.
1071 2298 1106 2359 in
1122 2300 1237 2360 ventre
1251 2299 1432 2373 descendit,
1455 2301 1532 2363 inde
1543 2318 1664 2380 corpus
1678 2304 1874 2379 roboratur,

216 2416 264 2474 ιι,
280 2400 326 2479 d).
347 2401 440 2464 Unde
460 2403 606 2463 loannes
630 2401 666 2462 in
684 2401 830 2478 Epistola
853 2401 1016 2463 canonica
1070 2395 1103 2457 et
1130 2396 1268 2472 spiritus
1294 2395 1439 2458 hominis
1468 2400 1683 2461 sustentatur.
1712 2403 1874 2465 Buccella

217 2497 265 2577 (v,
279 2496 313 2578 6)
331 2520 339 2558 :
357 2502 443 2562 Haec
462 2500 514 2560 est
532 2499 680 2560 victorio
700 2514 777 2573 pure
794 2499 1017 2560 etnmtmun-
1070 2492 1167 2569 panis
1182 2495 1233 2555 est
1252 2495 1361 2570 portio
1375 2494 1453 2556 tidei
1472 2511 1572 2572 quam
1590 2499 1754 2559 Dominus
1779 2501 1874 2577 ponit

216 2599 298 2656 dum
313 2598 399 2670 sides
412 2597 544 2657 nostro.
560 2597 641 2662 Qut:
665 2597 715 2658 est
734 2598 851 2658 autem
866 2599 924 2671 por
938 2599 1017 2656 virr-
1069 2589 1105 2650 in
1120 2605 1178 2651 ore
1197 2590 1318 2652 cordis.
1333 2593 1428 2654 Hanc
1449 2594 1601 2668 seqtutur
1620 2595 1784 2671 cogitatio
1799 2614 1873 2674 qum

216 2693 264 2753 ctt
276 2696 455 2764 muudum,
471 2697 540 2754 uisi
554 2696 612 2766 qut
623 2694 904 2767 creditououz'om
914 2696 1016 2755 iesus
1070 2687 1220 2764 inquirit,
1236 2688 1325 2761 terit,
1342 2690 1376 2749 et
1389 2689 1474 2766 allud
1499 2705 1535 2750 80
1550 2690 1744 2768 fmtluenter
1760 2695 1875 2757 revol-

217 2790 269 2851 est
291 2791 401 2851 Filius
421 2792 495 2850 Del.
525 2789 624 2851 Fides
649 2791 762 2851 nostra
788 2792 840 2852 est
862 2789 1014 2864 victoria,
1071 2784 1128 2846 vit.
1155 2784 1281 2846 Deinde
1299 2786 1340 2846 de
1354 2787 1554 2862 cogitatione
1571 2804 1645 2865 quae
1665 2806 1789 2866 panem
1809 2794 1874 2854 tri-

219 2887 296 2964 quia
318 2901 378 2963 per
401 2886 508 2962 ipsam
530 2885 694 2946 vincimus
718 2887 891 2958 mundum,
916 2886 1013 2960 idest,
1069 2882 1138 2942 turn
1156 2881 1342 2958 glutibilem
1355 2883 1474 2956 reddit,
1491 2901 1566 2945 cum
1587 2887 1718 2948 auxilio
1741 2890 1870 2961 selim,

219 2983 405 3045 mundanas
427 2983 712 3060 concupiscentias
739 2984 772 3046 et
795 2999 916 3045 vanam
942 2984 1017 3059 glo-
1069 2977 1165 3050 idest,
1182 2980 1299 3054 gratiae
1313 2980 1543 3043 descendentis
1564 2983 1605 3044 de
1620 2984 1731 3062 capite
1747 2987 1870 3048 Christi

219 3082 305 3142 riam
325 3082 358 3142 et
378 3081 538 3143 malitiam
563 3080 801 3158 hujusmundi.
819 3082 1013 3157 congrega·
1069 3090 1128 3152 per
1152 3076 1407 3153 intelligentiam
1432 3080 1563 3151 transit,
1588 3081 1623 3142 et
1643 3082 1816 3145 descendit
1834 3085 1870 3145 in

218 3179 300 3240 mini
316 3194 375 3256 per
389 3179 610 3250 dilectionem,
621 3178 716 3250 idest,
731 3194 792 3256 per
804 3178 1013 3240 charitatem.
1069 3174 1228 3245 ventrem,
1265 3174 1361 3247 idest,
1397 3175 1432 3236 in
1465 3178 1673 3239 memoriam.
1706 3180 1870 3242 Memoria

138 3352 144 3359 ⁸
217 3277 356 3338 Dilectio
373 3277 461 3337 enim
483 3276 589 3337 mater
613 3277 663 3337 est
683 3275 830 3337 omnium
841 3276 1012 3349 virtntum,
1069 3271 1174 3332 nutrit
1199 3287 1357 3333 amorem.
1386 3276 1488 3335 Amor
1517 3273 1610 3336 ducit
1636 3277 1679 3337 ad
1708 3278 1871 3340 imitatio-

216 3375 263 3435 ita
278 3377 313 3436 ut
328 3374 538 3435 nnllavirtus
552 3374 624 3434 sine
638 3374 699 3434 illa
717 3373 761 3435 sit
781 3373 898 3434 virtus.
920 3374 1014 3435 Unde
1068 3383 1164 3442 nem;
1198 3369 1318 3431 merito
1349 3369 1429 3432 tacit
1466 3371 1599 3448 plenam
1626 3372 1868 3437 adhaesionem.

215 3472 415 3549 Apostolus:
437 3474 476 3533 St
496 3475 623 3547 tinguis
642 3474 821 3533 bominum
842 3476 964 3545 loquor
981 3472 1015 3532 et
1069 3464 1164 3526 Unde
1176 3487 1183 3525 ε
1194 3468 1420 3532 Qutodbaeret
1433 3470 1516 3536 Deo,
1529 3484 1632 3531 umus
1649 3473 1798 3545 optiliu
1815 3474 1869 3534 est

215 3575 455 3644 angelorum...
477 3565 591 3645 (lCor.
607 3582 681 3639 1111,
699 3565 742 3647 1).
754 3567 1015 3643 UndeAugusti·
1067 3577 1147 3623 cum
1160 3578 1200 3625 eo
1222 3561 1248 3635 (Ι
1262 3565 1336 3624 COP·
1353 3579 1400 3635 Vl,
1418 3562 1483 3641 17)·
1498 3566 1569 3627 Hoc
1587 3582 1674 3643 pane
1692 3568 1869 3631 contorta·

172 3665 175 3669 ’
217 3682 280 3726 nus
298 3687 304 3724 :
321 3681 339 3725 t
358 3665 498 3725 Dilectio
524 3665 585 3725 Dei
610 3667 644 3725 et
664 3665 807 3741 proximi
831 3664 967 3742 propria
981 3666 1015 3725 et
1067 3659 1121 3720 tus
1136 3659 1235 3721 homo
1254 3662 1362 3737 potest
1374 3660 1488 3723 bibere
1503 3663 1654 3735 calicem,
1669 3664 1769 3738 idest,
1792 3683 1873 3727 sus·

217 3761 401 3838 spiritualis
417 3762 467 3822 est
480 3760 586 3821 virtus
607 3761 738 3837 piorum
759 3762 858 3838 atque
880 3763 1015 3823 sancto-
1068 3756 1176 3819 tinere
1199 3757 1398 3835 passionem.
1429 3758 1544 3820 Cibum
1574 3763 1669 3836 potus
1700 3764 1870 3839 seqrritur.

216 3875 301 3931 rum,
327 3874 402 3919 curn
425 3857 554 3918 caeterae
582 3857 721 3918 virtutes
747 3857 842 3918 bonis
861 3859 895 3920 et
915 3858 1036 3941 malis¹
1068 3855 1174 3926 calix,
1197 3855 1293 3929 idest,
1317 3856 1428 3933 passio
1447 3857 1483 3918 in
1503 3873 1605 3919 manu
1625 3859 1768 3919 Domini.
1792 3860 1873 3923 Cito

217 3956 346 4035 possint
360 3971 433 4017 esse
453 3969 655 4016 communes.
673 3971 691 4014 s
707 3953 800 4017 Unde
814 3955 935 4017 Beatus
950 3958 1015 4017 Pe-
1067 3950 1189 4014 transit
1209 3952 1349 4029 impetus
1368 3954 1546 4030 passionis,
1571 3955 1659 4016 sicin
1678 3958 1778 4032 potus
1802 3958 1871 4019 cito

215 4055 316 4116 trus:
341 4054 430 4115 Ante
460 4054 577 4113 omnio
607 4052 766 4114 mutuom
787 4054 824 4113 iu
846 4054 1015 4116 uobisme-
1067 4046 1274 4123 transigitur.
1296 4047 1460 4109 Praedicta
1480 4050 1683 4112 comestione
1702 4051 1871 4113 roboratis

217 4152 317 4227 tipsts
343 4150 549 4212 demetere
575 4150 737 4211 mentes
764 4150 966 4212 continuom
984 4148 1013 4229 (l
1067 4143 1214 4206 occurrit
1230 4143 1263 4206 et
1278 4144 1474 4220 proponitur
1487 4145 1587 4207 calix.
1602 4149 1700 4209 Hunc
1716 4148 1869 4211 bibentes

218 4251 307 4310 petr,
324 4264 371 4321 η,
387 4245 433 4327 8).
1068 4239 1268 4312 desiderant,
1279 4240 1446 4302 etsitiunt.
1457 4242 1570 4303 Prtmo
1580 4244 1872 4318 estcalix,deinde

256 4346 430 4408 Benedixit
453 4346 530 4407 ante
553 4344 676 4416 omnia,
699 4344 778 4422 quia
795 4343 940 4405 ebaritas
964 4344 1014 4407 est
1067 4335 1151 4399 sitis·
1177 4338 1263 4398 Hinc
1288 4338 1438 4414 seqttitur
1459 4340 1567 4415 potus.
1590 4341 1752 4404 sitientes
1778 4343 1869 4403 enim

216 4443 312 4506 bonis
338 4443 490 4505 omnibus
516 4442 751 4521 praeponenda.
782 4442 867 4503 Ante
901 4441 1013 4503 omnia
1067 4435 1192 4511 potant·
1219 4433 1285 4495 Sed
1307 4435 1385 4510 quia
1406 4436 1502 4497 multi
1527 4437 1730 4514 incipientes
1753 4441 1869 4515 potare

216 4542 289 4602 sitis
304 4541 463 4603 habentes
487 4542 635 4603 mutuam
652 4539 860 4611 charitatem,
881 4540 918 4600 ut
929 4539 1014 4600 alter
1067 4529 1236 4601 deficiunt,
1253 4530 1431 4593 inebriatio
1446 4533 1598 4610 sequitur
1616 4537 1744 4610 potum.
1766 4536 1867 4597 Post-

217 4638 335 4712 dilpgat
354 4639 506 4709 apol-um,
530 4639 563 4699 et
586 4637 671 4715 quod
687 4636 749 4698 fibi
770 4652 836 4698 non
858 4636 920 4708 vis,
936 4636 1013 4696 aljis
1067 4640 1166 4704 quam
1179 4624 1277 4686 bomo
1290 4641 1310 4686 a
1322 4626 1464 4687 terrenis
1477 4627 1656 4698 alienatur,
1675 4630 1868 4692 coelestibus

216 4748 259 4793 ne
283 4734 412 4795 feceris.
440 4736 481 4794 Et
508 4734 580 4796 haec
604 4733 750 4796 charitas
774 4733 819 4795 sit
840 4733 1010 4795 continua,
1067 4722 1302 4784 conformatur.
1325 4722 1585 4786 inebriationem
1608 4726 1764 4803 sequitur
1784 4728 1868 4789 dor·

217 4828 302 4888 Narn
322 4829 350 4889 si
372 4829 472 4890 tuerit
493 4828 689 4907 interrupta,
706 4846 773 4891 non
796 4830 847 4891 est
867 4829 1010 4892 sincera.
1066 4820 1171 4891 mitio,
1187 4820 1419 4882 dorfflifi0110m
1439 4822 1544 4898 quies.
1562 4823 1659 4884 Multi
1674 4824 1765 4885 Offl'ffl
1787 4824 1868 4886 ‘1⁰1'-

216 4925 356 4985 rantum
371 4924 460 4986 enim
481 4940 541 4985 nos
564 4925 673 5000 diligit
693 4928 779 4989 neus
799 4928 885 5004 quon
900 4927 1011 4989 omnia
1066 4916 1183 4990 miunt,
1201 4917 1336 4994 quinon
1350 4917 1534 4994 quiescunt
1551 4920 1703 4992 Quietem
1717 4922 1870 5000 sequitur

218 5036 278 5081 sua
294 5021 383 5082 dedit
394 5019 504 5095 nobis;
521 5021 642 5081 Filium
656 5038 799 5100 namque
814 5039 910 5085 suurn
923 5024 1013 5087 dedit
1065 5015 1134 5077 vita
1155 5016 1291 5088 aeterna,
1312 5016 1369 5077 aut
1385 5014 1422 5076 in
1436 5031 1505 5093 spe,
1527 5018 1585 5078 aut
1607 5018 1808 5096 quandoque
1833 5019 1869 5080 in

217 5117 259 5178 ao
289 5116 558 5194 redemptionem,
593 5117 680 5179 siout
704 5118 785 5181 uicit
808 5120 1009 5197 Apostolus:
1066 5111 1197 5189 ipsare.
1211 5113 1396 5173 Haeccoena
1415 5129 1535 5188 magna
1553 5114 1776 5187 essenutur,
1789 5116 1869 5194 qun

217 5218 368 5288 Proprie
391 5215 459 5285 tilio
476 5227 538 5275 suo
561 5228 629 5275 raon
651 5218 802 5288 pepecit
826 5221 929 5290 Deire,
951 5222 1012 5280 red
1065 5210 1144 5271 licet
1163 5208 1283 5271 habeat
1308 5209 1456 5283 initium,
1483 5210 1612 5272 nullum
1631 5210 1735 5274 habet
1754 5213 1867 5274 tinem.

215 5326 280 5384 pro
303 5315 398 5371 nobie
425 5313 581 5371 ominibus
610 5311 753 5373 tradidit
781 5316 876 5374 illum
897 5312 1008 5392 (Rom.
1067 5305 1159 5368 Unde
1170 5305 1207 5367 in
1222 5305 1374 5368 Psahno:
1390 5308 1551 5369 satuber
1569 5310 1653 5370 dum
1666 5311 1870 5385 miserto·

217 5421 291 5476 vui,
303 5406 369 5484 32).
387 5407 546 5483 Spiritum
562 5408 718 5468 Sanctum
730 5407 866 5471 tradidit
879 5411 921 5472 ad
935 5427 1011 5474 nos·
1065 5405 1157 5465 bitur
1167 5407 1279 5480 gloria
1293 5404 1354 5465 lua
1368 5402 1419 5483 (R
1439 5405 1487 5477 16,
1505 5402 1569 5482 15)·

217 5500 303 5560 tram
331 5502 635 5574 sanctificationem,
662 5503 739 5579 quia
769 5508 1009 5583 perspiritum
1105 5499 1252 5562 Ecclesia
1264 5500 1365 5562 satiat
1374 5500 1539 5563 Christum
1554 5500 1652 5562 bonis
1663 5503 1825 5579 Operibus
1836 5504 1870 5565 et

221 5597 376 5657 sanctum
408 5598 603 5660 sanctificati
634 5615 746 5662 sumus
774 5601 809 5662 in
833 5600 1007 5681 baptismo,
1064 5596 1190 5662 deuotis
1206 5596 1423 5674 orationibus,
1440 5598 1625 5661 etsatiatur
1639 5614 1661 5661 a
1674 5600 1809 5669 Christo
1833 5601 1869 5661 in
