3960 6188
223 332 284 396 907
695 326 871 388 HONORII
893 327 940 387 ΙΙΙ
961 327 1110 388 OPERA.
1126 355 1165 370 -
1181 327 1414 390 SERMONES.

224 494 422 556 vandorum.
434 489 524 564 Quod
541 490 578 552 ut
588 487 775 553 evidentius
790 489 858 562 ilat,
874 489 1021 552 rationes

226 607 440 653 numerorum
455 589 602 651 breviter
619 590 839 665 assignemus.
862 590 924 651 Hic
945 589 1021 650 sunt

224 690 294 752 tres
318 689 461 760 numeri,
487 687 654 759 videlicet,
682 686 904 758 centenarius,
923 686 1022 764 quiu-

226 787 461 865 quagenarius,
473 786 505 847 et
515 785 693 846 ternarius.
703 784 1022 846 Centesimustrans·

225 884 331 947 iertur
362 899 382 945 a
414 884 499 945 laeva
531 884 567 944 in
597 882 779 943 dexteram.
805 883 1020 960 Quinquage-

226 982 341 1043 narius
363 982 414 1043 est
445 996 603 1042 numerus
630 980 856 1051 remissionis,
888 981 1022 1057 propter

225 1078 404 1142 Juhitaeum
428 1078 485 1156 qui
508 1079 581 1139 erat
599 1077 893 1155 quinquagesimus
913 1092 1021 1137 annus

226 1176 261 1238 in
277 1192 341 1253 quo
360 1175 502 1237 dabatur
513 1174 679 1236 remissio.
697 1174 879 1235 Ternarius
894 1175 945 1235 est
958 1190 1023 1234 uu·

227 1288 340 1332 merus
353 1270 431 1331 ildel
446 1271 478 1332 et
492 1270 695 1345 dilectionis;
707 1269 938 1347 ildei,propter
947 1269 1022 1329 Tri-

227 1368 678 1445 nitatem3dilectionis,quia
698 1369 785 1429 Deus
805 1369 855 1429 est
874 1366 1020 1443 diligen-

225 1467 287 1528 dus
300 1482 343 1528 ex
357 1467 425 1528 toto
443 1466 553 1538 corde,
571 1482 614 1526 ex
625 1467 694 1527 tota
711 1466 833 1535 anima,
848 1466 883 1527 ct
897 1481 939 1526 ex
952 1467 1021 1527 tota

225 1566 346 1628 mente.
370 1564 475 1640 Igitur
493 1564 706 1626 centenarius
727 1563 894 1640 significat
913 1563 1022 1640 virgi·

224 1678 296 1733 nes,
321 1678 395 1739 quae
415 1660 664 1724 transferuntur
689 1677 708 1722 a
732 1660 816 1722 laeva
843 1661 877 1721 in
903 1660 1020 1723 dexte·

224 1773 314 1830 ram,
340 1758 439 1830 idest,
468 1758 613 1822 coelestis
639 1759 689 1820 est
711 1759 745 1819 et
767 1774 834 1820 non
852 1759 1021 1820 terrestris

225 1871 341 1917 earum
367 1856 588 1918 conversatio.
611 1855 923 1933 Quinquagenarius
947 1857 1020 1932 sig-

225 1952 339 2014 nifieat
366 1953 590 2025 continentes,
615 1953 710 2030 quia,
737 1953 816 2014 licet
842 1952 1021 2029 aliquando

220 2050 405 2112 vsecundum
431 2066 567 2112 carnem
588 2050 745 2122 vixerint,
767 2050 878 2112 tamen
904 2052 1020 2129 postea

224 2147 429 2211 abstinentes
444 2164 464 2209 a
478 2148 670 2209 cunalibus
687 2147 862 2209 desideriis
877 2163 1019 2225 accepe-

223 2247 304 2307 runt
315 2245 499 2322 plenariam
509 2246 752 2308 remissionem.
764 2246 945 2307 Ternarius
957 2246 1021 2322 sig·

224 2342 340 2406 niiicat
351 2346 557 2421 oonJugatos,
571 2344 628 2421 qui
640 2343 681 2405 ad
694 2344 804 2405 miuus
816 2343 936 2407 dehent
949 2360 1022 2421 per·

225 2457 361 2503 manere
374 2442 410 2503 11
426 2441 490 2503 ilde
504 2457 545 2504 ac
558 2441 747 2503 dilectione.
770 2442 875 2518 Igitur
888 2444 1019 2503 centum

222 2539 464 2616 quinquaginta
479 2538 514 2601 et
525 2540 594 2601 tres
608 2540 716 2616 pisces
735 2539 926 2615 significant
944 2555 1019 2600 om-

223 2650 283 2696 nes
302 2636 424 2698 electos
439 2637 495 2714 qui
517 2653 577 2715 per
595 2638 666 2699 rete
685 2636 933 2714 praedicationis
946 2638 1020 2699 tra·

225 2732 350 2793 huntur
364 2734 406 2793 ad
420 2750 559 2809 regnum
572 2734 752 2797 felicitatis.

554 2959 681 3045 XXIX

294 3173 502 3236 DOMINICA
524 3173 569 3235 IN
592 3175 757 3237 OCTAVA
769 3175 951 3236 PASCHAE

264 3322 350 3385 Cum
366 3324 544 3385 essetsero
556 3327 611 3385 dte
623 3327 767 3397 thomna
778 3324 1020 3387 subbatismum

152 3431 166 3457 ⁸
222 3419 256 3481 at
276 3423 495 3495 sorcsesseut
510 3426 646 3494 clausae,
665 3424 722 3483 irbi
749 3422 1021 3498 erautdtscipult

214 3519 422 3595 'congregati
433 3520 580 3592 proptor
591 3520 722 3581 metum
732 3521 947 3592 Judoeorum,
961 3535 1022 3582 uc-

168 3634 172 3641 ·
221 3616 427 3677 utilesuset
437 3617 533 3678 stetit
547 3621 584 3677 iu
595 3621 708 3679 medio
723 3618 756 3680 et
766 3619 935 3680 dtoettets:
944 3632 1021 3692 parc

221 3714 317 3773 uobis
329 3712 440 3790 (ioan.
453 3728 511 3785 xx,
529 3711 593 3792 19).
620 3738 623 3744 1

264 3809 302 3867 In
315 3807 426 3868 verbis
442 3810 548 3870 sancti
563 3810 746 3886 Evangelii,
762 3828 836 3888 quae
850 3810 947 3873 modo
964 3827 1023 3873 au·

224 3904 331 3976 distis,
352 3904 418 3967 tria
440 3906 517 3966 sunt
542 3905 753 3967 adnotanda:
769 3908 900 3984 tempus
921 3909 1019 3970 vide-

223 3997 312 4070 licet,
336 3997 430 4059 locus
455 3999 488 4061 et
506 4000 710 4061 consortium
731 4001 1018 4077 congregatorum.

223 4097 377 4172 Tempus,
389 4112 463 4157 cum
478 4095 653 4157 dicitur:‹
675 4099 755 4158 Cum
776 4099 866 4159 esset
877 4114 953 4161 sero
966 4099 1020 4160 dle

221 4190 292 4263 illo,
310 4207 376 4253 una
392 4192 640 4255 sabbathorum.
657 4197 795 4256 »Locus
814 4194 1019 4272 designatur,

221 4304 297 4350 cum
318 4289 493 4352 dicitur«
516 4292 549 4354 at
567 4291 656 4354 iores
674 4294 787 4355 essent
805 4294 940 4365 clausa,
964 4293 1021 4354 uhi

104 4460 107 4465 g
223 4390 321 4450 erant
343 4388 510 4467 discipuli.
532 4408 551 4450 s
574 4391 784 4453 Consortium
801 4392 1021 4467 congregato-

221 4499 297 4546 rum
319 4485 524 4563 designatur,
544 4504 619 4549 cum
634 4482 757 4551 dicitur
771 4509 778 4549 ε
794 4488 1020 4564 «mugregati

223 4584 682 4659 proptermetumtudaeorum
686 4630 746 4647 .....
758 4589 839 4648 Cum
847 4588 935 4649 esset
945 4602 1020 4649 sero

224 4679 278 4739 die
291 4679 360 4741 illo.
377 4683 502 4743 »Diem
516 4683 610 4744 illum
625 4686 723 4746 vocat
737 4684 948 4760 Evangelista
961 4700 1021 4762 per

224 4776 459 4838 excellentiam
483 4779 571 4841 diem
598 4781 866 4853 resurrectionis,
891 4782 927 4842 in
955 4796 1020 4859 quo

223 4873 382 4933 Dominus
411 4877 557 4938 surrexit
582 4893 602 4938 a
629 4879 779 4939 mortuis.
805 4880 853 4939 De
879 4879 943 4942 isto
964 4879 1019 4941 die

223 4967 303 5031 dicit
317 4971 505 5046 Propheta:
526 4976 610 5034 Haec
632 4977 704 5035 dies
723 4991 827 5049 quom
847 4977 927 5050 fecit
945 4980 1019 5037 Do-

222 5069 357 5139 mtuus,
384 5069 579 5131 erraremus
595 5071 629 5132 et
649 5072 808 5134 latemur
829 5077 866 5135 tu
885 5088 927 5136 ea
948 5072 1018 5153 (Ps.

225 5165 294 5233 127,
318 5163 384 5244 24).
410 5168 447 5228 11
480 5167 545 5228 isto
571 5168 682 5229 autem
708 5169 762 5231 die
784 5170 959 5249 quinquies
984 5186 1020 5231 se

222 5262 458 5326 manifestavit.
485 5266 759 5329 primoomnium
779 5270 896 5331 Mariae
920 5271 1019 5344 Mag·

224 5358 374 5431 dalenre,
409 5362 496 5425 sicut
530 5366 662 5427 Marcus
701 5367 844 5428 testatur
882 5366 1017 5427 dicens:

225 5458 403 5533 «surgens
417 5463 515 5521 Jesus
530 5478 638 5535 mane,
653 5464 760 5541 prima
775 5463 940 5536 sabbathi,
955 5479 1018 5541 ap-

227 5555 339 5626 paruit
350 5557 456 5632 primo
468 5559 583 5621 Mariae
597 5561 815 5637 Magdalenae,
827 5561 943 5640 deque
955 5565 1020 5640 eje·

228 5650 320 5708 cerat
334 5652 460 5727 septem
474 5652 638 5719 damonia
656 5650 806 5737 s(Marc.
821 5675 891 5731 xvr,
905 5658 950 5737 9).
965 5663 1020 5722 Se·

1814 330 1877 391 aa

1076 485 1183 549 cundo
1204 488 1359 565 apparuit
1380 487 1412 550 ei
1426 489 1460 550 et
1478 488 1555 549 aliis
1575 487 1779 549 mulieribus
1802 506 1875 566 qnae

1076 601 1151 647 oum
1180 585 1253 663 ipsa
1279 589 1387 657 erant,
1414 586 1500 648 sicut
1527 586 1709 648 Mattheus
1733 586 1878 648 testatur
1961 610 1962 625 2

1075 683 1210 745 diceus:
1243 700 1262 744 c
1290 684 1456 746 Exeuntes
1490 684 1650 745 mulieres
1683 683 1729 745 de
1755 701 1879 745 monu-

1075 783 1188 844 mento
1207 798 1282 843 cum
1306 782 1425 845 timore
1447 783 1482 844 et
1501 783 1624 859 gaudio
1646 798 1772 858 magno
1795 798 1877 843 eur·
1961 788 1962 865 j

1075 880 1195 941 rebant
1223 881 1378 942 nuntiare
1405 880 1579 958 discipulis
1610 882 1697 957 ejus.
1728 882 1771 943 Et
1801 897 1879 942 ecce

1074 980 1172 1041 iesus
1191 979 1337 1040 occurrit
1357 977 1425 1039 illis
1439 978 1553 1040 dicens
1568 1000 1576 1038 :
1589 978 1695 1039 avete
1706 995 1728 1038 s
1742 977 1877 1056 (Mattlu

1075 1091 1196 1146 xxvnr,
1212 1074 1257 1156 9).
1279 1075 1392 1138 Tertio
1406 1076 1561 1153 apparuit
1575 1076 1688 1147 Petro,
1696 1075 1789 1136 sicut
1808 1077 1879 1136 Lu·

1076 1190 1133 1237 cas
1156 1174 1308 1241 usum,
1336 1174 1415 1250 quia
1442 1173 1508 1235 duo
1535 1172 1588 1234 illi
1613 1172 1778 1250 discipuli
1803 1189 1877 1235 eum

1076 1272 1309 1348 cognovissent
1329 1272 1505 1332 Dominum
1525 1271 1561 1331 in
1579 1268 1752 1331 fractione
1762 1269 1878 1347 panis,

1075 1367 1877 1431 «reversisuntinierusalemetinveneruntun-

1075 1467 1182 1529 decim
1201 1468 1419 1543 congregatos
1447 1465 1594 1527 dieentes
1618 1465 1700 1543 quia
1731 1465 1878 1526 surrent

1076 1564 1235 1626 Dominus
1255 1579 1346 1631 vere,
1373 1564 1405 1625 et
1429 1563 1585 1641 apparuit
1599 1561 1733 1623 Simoni
1749 1561 1877 1639 »(1111

1075 1678 1168 1734 xxxv,
1183 1660 1250 1742 31).
1266 1662 1390 1734 Quarto
1407 1660 1562 1738 apparuit
1583 1660 1659 1736 ipsa
1673 1659 1731 1720 die
1748 1658 1877 1719 duobus

1075 1758 1230 1820 euntibus
1253 1759 1289 1819 in
1314 1761 1469 1820 Emmaus
1493 1759 1529 1818 in
1551 1756 1664 1834 specie
1683 1757 1876 1834 peregrini,

1075 1857 1161 1918 sieut
1175 1858 1281 1917 Lucas
1295 1855 1439 1918 testatur
1445 1855 1559 1917 dicens
1571 1871 1579 1909 :
1591 1872 1611 1914 ‹
1621 1855 1663 1915 Et
1677 1854 1808 1915 iactum
1817 1855 1877 1924 est,

1074 1953 1153 2014 dnm
1168 1951 1461 2014 confabularentur
1483 1952 1518 2011 in
1533 1952 1589 2013 via
1604 1952 1639 2013 et
1652 1966 1772 2012 secum
1788 1967 1877 2028 qua-

1074 2051 1197 2121 rerent,
1223 2051 1256 2111 et
1278 2050 1349 2127 ipse
1374 2052 1472 2112 iesus
1500 2048 1781 2126 appropinquans
1808 2047 1876 2108 ibat

1074 2163 1150 2209 cum
1163 2148 1244 2208 illis.
1256 2165 1275 2207 s

1110 2246 1231 2317 Quinto
1245 2244 1401 2323 apparuit
1414 2243 1568 2307 undecim
1589 2244 1665 2321 ipsa
1677 2243 1735 2305 die
1754 2243 1876 2305 adves·
1961 2274 1962 2301 ;

1074 2344 1280 2419 perascente,
1297 2343 1383 2404 sicut
1393 2345 1540 2404 loannes
1554 2342 1700 2403 testatrrr
1710 2342 1750 2402 in
1766 2344 1875 2402 Evau-
1961 2404 1962 2407 ,

1074 2439 1162 2515 gello
1195 2439 1281 2518 quod
1312 2439 1462 2501 audistis.
1493 2442 1590 2515 Ergo,
1607 2437 1751 2511 iratres,
1780 2453 1874 2498 nemo

1074 2538 1224 2599 nostrum
1237 2537 1279 2599 de
1291 2538 1411 2599 caetero
1424 2537 1555 2597 haesitet
1567 2536 1602 2597 in
1617 2535 1682 2597 ilde
1697 2551 1874 2596 resurrec-
1961 2546 1962 2549 ’

1074 2636 1177 2696 tionis
1190 2651 1286 2696 :nam
1310 2635 1375 2711 ipsi
1390 2633 1628 2696 resurrectioni
1646 2633 1875 2695 testimonium

1075 2730 1875 2810 perhibentetiamelementa.Testimoniumper
1961 2742 1962 2745 ’

1075 2830 1165 2892 hibet
1190 2832 1292 2901 terra,
1323 2829 1400 2907 quia
1424 2829 1524 2889 terrae
1549 2828 1658 2888 motus
1687 2825 1801 2888 iactus
1827 2826 1874 2887 est

1070 2943 1225 3005 magnus.
1249 2924 1485 2988 Testimonium
1506 2922 1658 3001 perhibet
1678 2939 1781 3000 aqua,
1801 2923 1876 3000 quia

1075 3041 1150 3086 eum
1176 3024 1250 3102 post
1273 3022 1553 3085 resurrectionem
1579 3021 1761 3082 Dominum
1787 3023 1876 3081 stare

1074 3123 1110 3183 in
1131 3122 1241 3184 littore
1263 3120 1305 3182 ad
1331 3136 1424 3181 mare
1448 3119 1633 3180 Tiberiadis
1659 3117 1754 3179 etad
1781 3133 1876 3178 man·

1074 3218 1187 3281 datum
1221 3221 1294 3296 eius
1329 3218 1500 3280 misissent
1537 3216 1694 3293 discipuli
1727 3217 1805 3277 rete
1841 3215 1875 3275 iu

1075 3333 1178 3390 mare,
1203 3315 1425 3394 impleverunt
1445 3314 1527 3375 illud
1545 3316 1680 3375 centum
1702 3314 1874 3390 quinqua·

1074 3414 1234 3492 quaginta
1247 3413 1354 3475 tribus
1376 3412 1523 3490 piscibus
1543 3410 1687 3487 magnis.
1708 3411 1875 3472 Testimo-

1075 3513 1167 3574 nium
1201 3511 1354 3589 perhibet
1387 3526 1447 3571 aer
1472 3510 1550 3587 quia
1579 3508 1705 3586 baiulis
1732 3507 1873 3569 nubibus

1075 3609 1225 3672 elevatus
1243 3608 1345 3671 estin
1366 3607 1503 3679 coelum,
1522 3605 1655 3684 quando
1673 3605 1871 3666 nubessus-

1075 3707 1163 3786 cepit
1183 3723 1258 3769 eum
1282 3706 1323 3768 ah
1348 3705 1457 3767 oculis
1478 3720 1604 3766 eorum.
1632 3702 1873 3765 Testimonium

1076 3804 1227 3883 perhibet
1257 3804 1344 3881 ignis
1374 3804 1452 3881 quia
1475 3803 1676 3863 invenerunt
1701 3802 1739 3862 in
1765 3801 1873 3863 littore
1961 3796 1962 3799 ’

1075 3904 1199 3981 piscem
1213 3903 1358 3980 positum
1376 3916 1476 3978 super
1490 3916 1626 3977 prunas,
1642 3900 1677 3960 et
1695 3900 1797 3961 etiam
1818 3914 1873 3958 as·

1075 4003 1188 4079 pectus
1223 3999 1334 4076 angeli
1369 3999 1441 4060 erat
1471 3999 1557 4058 sicut
1591 3997 1719 4072 fulgor,
1747 3995 1874 4057 scilicet

1076 4097 1233 4175 splendor
1263 4097 1362 4173 iguis.
1392 4095 1515 4157 Habuit
1543 4094 1646 4157 etiam
1670 4092 1871 4155 resurrectio

1075 4195 1198 4257 Christi
1212 4195 1438 4257 testimonium
1463 4193 1503 4254 de
1520 4193 1615 4264 coelo‚
1641 4191 1720 4269 quia
1735 4188 1872 4266 angelus

1075 4293 1206 4354 Domini
1226 4290 1396 4354 descendit
1420 4290 1461 4352 de
1475 4289 1560 4352 coelo
1581 4290 1614 4351 et
1635 4288 1800 4350 accedens
1817 4302 1871 4348 re·

1074 4390 1177 4453 volvit
1192 4389 1347 4467 lapidem.

1114 4488 1239 4550 Habuit
1274 4485 1500 4549 testimouium
1532 4484 1574 4546 de
1610 4483 1771 4555 inferno,
1798 4481 1871 4560 quia

1074 4586 1178 4647 multa
1194 4600 1335 4662 corpora
1353 4585 1545 4645 sanctorum
1567 4598 1641 4659 quae
1656 4578 1868 4649 dormierant,

1075 4682 1303 4745 surrexerunt.
1324 4680 1449 4742 Habuit
1469 4679 1699 4742 testimonium
1722 4682 1869 4739 mortuo·

1075 4796 1160 4851 rum,
1184 4777 1261 4855 quia
1278 4776 1374 4837 multi
1389 4775 1447 4854 qui
1461 4774 1693 4845 surrexerunt,
1710 4785 1873 4851 apparue-

1074 4877 1154 4938 runt
1172 4874 1284 4936 multis
1303 4874 1339 4935 in
1358 4873 1557 4936 Jerusalem.
1579 4871 1705 4934 Habuit
1721 4872 1871 4933 111311111-

1075 4975 1167 5035 nium
1188 4972 1352 5043 vivorum,
1377 4970 1456 5048 quia
1480 4969 1531 5031 illi
1557 4969 1622 5030 duo
1645 4968 1704 5046 qui
1724 4968 1818 5029 ibant
1839 4966 1869 5026 iu

1074 5075 1230 5133 Emmaus
1247 5068 1362 5130 eadem
1384 5069 1467 5129 hora
1486 5066 1631 5143 regrmsi
1662 5069 1743 5127 sunt
1766 5067 1802 5126 in
1818 5066 1872 5127 le-

1074 5169 1230 5239 rusalem,
1256 5167 1289 5228 et
1310 5164 1493 5228 narrabant
1511 5180 1584 5243 quae
1606 5165 1702 5241 gesta
1723 5163 1820 5224 erant
1838 5161 1870 5221 in

1074 5266 1139 5328 via.
1169 5264 1294 5327 Habuit
1315 5262 1542 5326 testimonium
1572 5259 1869 5336 mulierumque

1073 5367 1171 5427 Jesus
1202 5361 1347 5424 occurrit
1365 5359 1561 5421 mulieribus
1592 5358 1729 5419 dicens:
1756 5356 1869 5419 Arete.

1075 5461 1144 5523 Illae
1166 5461 1277 5523 autem
1299 5458 1523 5520 accesserunt.
1545 5458 1625 5528 Quae
1651 5456 1755 5516 etiam
1775 5468 1872 5515 vene·

1074 5558 1162 5630 runt,
1200 5558 1235 5620 et
1262 5555 1500 5617 nuntiaverunt
1526 5552 1716 5630 apostolis,
1743 5550 1869 5631 quando

1074 5655 1146 5719 visa
1170 5657 1248 5717 sunt
1267 5655 1347 5718 ante
1369 5653 1541 5732 eosquasi
1554 5650 1788 5713 deliramenta.
1806 5651 1870 5711 Ha·
