3936 6182
179 268 239 329 583
797 258 972 320 HONORII
994 258 1039 319 111
1060 257 1210 322 OPERA.
1769 266 1834 328 584

178 425 338 493 Ecclesia
353 425 512 488 Romanae
524 418 750 484 restituerent.
766 418 859 493 Quod
873 418 903 481 sl
915 434 978 481 rex
1030 434 1123 481 crum
1138 420 1265 497 corpus
1280 419 1324 483 sit
1336 418 1407 494 tibi,
1418 419 1504 487 siout
1517 421 1699 500 apostolis,
1714 424 1757 488 ad
1772 441 1834 490 sa-

178 527 243 590 bec
256 525 366 587 facere
379 520 571 597 denegaret,
586 534 630 582 ex
643 519 721 580 tuno
730 517 796 596 ipsi
807 517 976 596 principes
1030 515 1147 591 lutem3
1159 516 1307 596 alioquin
1322 517 1459 596 indigne
1469 520 1633 603 percipies
1647 520 1733 584 illud
1743 524 1832 587 sicut

179 640 255 685 eum
271 636 378 699 neque
393 635 453 698 pro
468 632 547 695 rege
562 632 670 694 neque
684 632 745 693 pro
760 616 894 677 domino
910 614 975 676 ha·
1028 614 1143 685 iudas,
1164 615 1197 676 et
1211 614 1374 692 judicium
1395 616 1455 678 tibi
1475 615 1599 694 absque
1614 617 1717 681 dubio
1732 637 1832 682 man·

178 722 257 784 bere
268 714 569 789 deberentQuibus
578 715 643 776 rite
658 713 832 791 completis
842 716 977 791 etjura-
1029 711 1177 773 durabis.
1193 713 1233 774 Et
1247 713 1359 775 statim
1374 713 1416 775 ad
1431 714 1581 777 osculum
1595 732 1674 777 eum
1688 718 1830 796 recepit,

178 820 290 881 mento
308 815 460 887 firmatis,
478 811 767 890 archiepiscopum
790 812 977 873 Treveren-
1029 809 1159 887 etpost
1186 810 1323 872 missam
1350 827 1425 874 cum
1461 812 1534 890 ipso
1555 814 1696 891 paterna
1718 815 1831 878 cbari-

179 932 250 979 sem
271 913 434 977 miserunt
450 913 600 981 Romam,
615 911 830 986 quatenusea
845 923 919 986 quae
933 907 975 968 de
1028 908 1096 970 tate
1123 908 1266 970 comedit
1291 930 1299 969 :
1330 910 1494 987 praeterea
1520 914 1829 977 excommunicatos

179 1012 328 1076 sedanda
339 1008 507 1072 discordia
524 1008 614 1068 iuter
627 1005 810 1069 Ecclesiam
822 1007 976 1082 etlmpe·
1028 1004 1084 1083 qui
1107 1022 1182 1067 cum
1204 1009 1295 1083 Rege
1318 1010 1481 1070 venerant
1495 1008 1576 1071 fecit
1589 1008 1732 1083 absolvi,
1745 1012 1829 1074 etin

176 1103 738 1182 riumcoustituerant,episcopiset
748 1101 975 1166 cardinalibus
1028 1118 1109 1180 pace
1120 1119 1235 1166 omnes
1247 1104 1386 1166 dimisit.

176 1208 412 1278 innotesceret,
419 1207 453 1267 et
462 1201 665 1282 propteriroc
675 1200 977 1264 RomanumPonti·
1067 1201 1098 1261 o.
1121 1202 1267 1263 Decurso
1291 1202 1404 1280 itaque
1418 1202 1577 1265 instantis
1591 1205 1674 1266 anni
1687 1205 1828 1279 circulo,

177 1310 274 1372 ficem
295 1320 400 1383 usque
416 1304 457 1365 ad
472 1302 643 1363 civitatem
657 1302 839 1375 Augustam
857 1313 976 1360 secure
1028 1314 1228 1377 quamquam
1241 1300 1276 1361 iu
1291 1300 1377 1361 facie
1392 1301 1548 1362 Pontifici
1564 1318 1626 1363 rex
1640 1302 1781 1365 devotus
1796 1308 1830 1366 et

178 1404 386 1469 conduceret.
405 1400 469 1464 Sed
485 1398 570 1477 quod
591 1397 824 1459 fraudulenter
837 1396 975 1458 archie-
1028 1395 1187 1458 obediens
1199 1397 1381 1472 rideretur,
1394 1398 1494 1461 corde
1508 1401 1542 1460 et
1554 1415 1666 1477 opere,
1679 1401 1766 1462 sicut
1778 1403 1828 1463 rei

176 1494 973 1585 piscopus(n)ipse‚pervelatamregisastutiam,
1028 1494 1166 1557 effectus
1176 1496 1565 1573 postmodumindicavit,
1577 1499 1770 1560 contrarius
1780 1499 1826 1560 si-

177 1603 292 1680 captus
316 1598 416 1660 fuerit
436 1595 522 1674 apud
545 1593 763 1665 Placentiam,
780 1593 813 1654 et
827 1592 977 1670 postmo-
1027 1591 1073 1666 bi,
1095 1596 1129 1656 et
1149 1610 1279 1672 semper
1297 1593 1332 1655 in
1352 1594 1486 1656 insidiis
1505 1594 1688 1658 efficaciter
1705 1598 1826 1659 extitit

177 1701 255 1763 dum
270 1699 329 1759 vix
350 1695 523 1766 liberatus,
540 1693 676 1771 propter
690 1690 840 1753 historie
861 1690 975 1767 longi-
1028 1692 1207 1754 Nocturnis
1215 1692 1304 1754 enim
1312 1692 1612 1770 temporibus,cum
1623 1693 1785 1757 uniberto
1797 1698 1830 1757 et

176 1798 325 1863 tudinem
338 1791 619 1873 pretermittimus
634 1787 793 1851 scribere.
1028 1790 1142 1852 (tentio
1151 1790 1379 1853 Romanoniro
1390 1790 1605 1868 nequissimo,
1613 1791 1654 1853 de
1665 1808 1733 1869 quo
1739 1809 1829 1854 men·

217 1890 483 1958 &Venerabilis
511 1889 624 1966 itaque
658 1902 745 1965 papa
774 1886 973 1963 Gregorius,
1027 1887 1830 1966 tionemfecimnssuperius,etaliisEcclesiaeini·

177 1992 292 2056 andita
311 1989 479 2067 legatione
499 1986 668 2048 tantorum
683 1983 881 2061 principum,
897 1982 977 2044 licet
1028 1985 1124 2047 micis
1152 1986 1364 2049 familiariter
1390 1985 1599 2064 loquebatur,
1626 1988 1659 2049 et
1686 1986 1827 2050 nefariis

176 2087 490 2170 gravissimabiems
500 2079 973 2156 instaretuetantumbouum,
1028 2100 1143 2147 eorum
1150 2084 1301 2146 consiliis
1317 2084 1465 2146 favorem
1477 2084 1743 2162 praestabatsed
1754 2103 1828 2148 cum

177 2189 263 2269 quod
286 2189 327 2249 de
342 2201 423 2264 pace
440 2182 648 2261 sperabatur,
665 2196 726 2258 per
736 2180 845 2256 ipsius
864 2177 974 2255 negli—
1027 2182 1157 2243 rideret
1175 2185 1299 2259 Papam
1312 2182 1508 2258 Gregorium
1527 2183 1675 2245 acastre
1689 2184 1827 2245 Canusii

176 2287 325 2363 gentiam
340 2282 541 2352 remaneret,
558 2296 633 2341 cum
653 2276 769 2340 eodem
788 2276 976 2353 archiepis-
1028 2279 1228 2341 nullomodo
1243 2295 1341 2356 posse
1353 2278 1625 2357 divelli,Papiam
1635 2283 1826 2344 moraturus

178 2402 260 2465 oopo
276 2384 383 2462 ipsius
398 2379 529 2443 itineris
540 2376 769 2439 difficultatem
780 2374 973 2452 assumpsit,
1027 2376 1403 2456 perrexit,ubieumdem
1411 2378 1825 2455 Gentiumpessimamorte

177 2489 212 2548 et
236 2498 339 2561 nsque
364 2480 405 2543 ad
420 2476 592 2539 Vercellas
613 2474 848 2552 processibile
863 2473 973 2534 autem
1027 2475 1218 2537 defunctum
1232 2474 1376 2551 invenit3
1390 2475 1486 2552 ciniis
1504 2475 1713 2538 exsecrabile
1727 2477 1825 2537 funus

176 2583 262 2645 nihil
285 2578 421 2641 sinistre
446 2572 634 2651 suspicante
655 2572 697 2633 de
718 2571 809 2646 regis
831 2569 975 2646 promis-
1026 2573 1114 2636 idem
1130 2572 1391 2635 Guibertuscum
1404 2573 1535 2635 caeteris
1548 2576 1823 2636 excommunica-

177 2681 283 2751 sione,
299 2675 435 2753 repente
449 2670 609 2742 insonuit,
626 2667 712 2747 quod
728 2668 800 2746 ipse
813 2683 873 2729 rex
886 2667 975 2730 velo·
1026 2672 1070 2733 tis
1093 2670 1278 2748 pompatice
1300 2672 1333 2732 et
1354 2669 1614 2732 lamentabiliter
1631 2671 1822 2734 celebrarit.

177 2777 312 2841 cissimo
332 2788 433 2836 cursu
452 2772 522 2847 jam
546 2766 728 2829 transierat
747 2766 859 2843 Alpes,
881 2766 915 2827 et
937 2766 972 2827 in
1026 2769 1148 2832 Eodem
1164 2771 1324 2845 tempore,
1340 2784 1415 2830 cum
1436 2784 1498 2829 rex
1512 2770 1678 2831 Henricus
1692 2770 1729 2830 in
1744 2787 1824 2848 par-

176 2869 494 2939 occursuPontiflcis
504 2865 673 2928 hostiliter
682 2862 872 2926 festinabat.
880 2863 972 2936 Quod
1026 2866 1114 2927 tibus
1124 2866 1229 2928 ltaliae
1239 2866 1437 2939 moraretur,
1449 2866 1618 2943 principes
1628 2868 1726 2944 regni
1737 2868 1823 2945 apud

174 2973 305 3036 facinus
339 2966 548 3045 inopinatum
587 2964 761 3040 postquam
797 2961 972 3038 episcopus
1024 2964 1140 3026 uillam
1155 2963 1317 3026 Forchem
1333 2962 1381 3044 (1)
1396 2963 1432 3024 in
1448 2980 1549 3025 unnm
1564 2965 1692 3042 pariter
1705 2981 1823 3028 conxe-

174 3067 398 3133 vercellensis
411 3064 577 3141 cognovit,
593 3060 672 3122 licet
692 3059 783 3137 regis
804 3060 973 3122 cancella·
1025 3064 1158 3134 nerunt,
1174 3064 1207 3125 et
1220 3065 1432 3136 Rodceipbum
1444 3062 1613 3138 egregium
1626 3062 1747 3125 ducem
1759 3062 1822 3125 sibi

174 3171 246 3233 rius
271 3166 460 3236 baberetur,
477 3160 631 3223 Pontifici
650 3161 761 3222 tamen
781 3157 832 3219 rei
846 3157 973 3220 verita·
1025 3160 1060 3221 in
1072 3175 1185 3236 regem
1198 3160 1402 3223 unanimiter
1410 3160 1712 3236 elegeruntuirum
1723 3162 1824 3239 siqui·

173 3261 241 3330 ter'u
267 3264 412 3327 fideliter
434 3259 612 3323 intimarit.
639 3259 709 3330 Quo
735 3256 849 3318 audito
874 3257 908 3318 et
934 3256 969 3317 in
1024 3257 1100 3320 dem
1120 3257 1233 3334 magni
1254 3257 1400 3331 consilii,
1415 3257 1499 3320 etin
1513 3257 1615 3320 armis
1630 3258 1823 3337 frequenter

172 3365 315 3427 veritate
336 3361 516 3439 comperto,
537 3355 695 3419 Pontifex
717 3354 829 3416 statim
851 3354 972 3417 avertit
1023 3360 1209 3433 expertum,
1226 3355 1375 3417 acnimis
1389 3355 1565 3418 illustrem.
1582 3355 1676 3428 Quod
1691 3356 1750 3418 ubi
1762 3374 1822 3418 rex

173 3461 333 3531 habenas,
354 3460 388 3522 et
410 3457 451 3518 ad
473 3454 677 3518 tutissimum
698 3453 844 3514 castrum
864 3450 971 3513 comi·
1023 3454 1187 3516 Henricus
1202 3452 1340 3526 audivit,
1356 3469 1423 3515 nou
1442 3453 1656 3516 mediocriter
1669 3470 1821 3517 commo-

171 3561 267 3622 tissae
291 3554 483 3625 mathildis,
510 3551 600 3614 beati
628 3548 719 3613 Petri
747 3548 969 3611 devotissime
1023 3552 1076 3613 tus
1086 3552 1147 3624 est,
1164 3552 1197 3613 et
1211 3551 1247 3612 in
1261 3549 1469 3612 iracundiam
1483 3548 1701 3613 vehementer
1714 3569 1819 3614 exar-

172 3657 263 3728 fiiiae,
277 3654 363 3733 quod
385 3653 508 3713 dicitur
522 3648 714 3719 Canusium,
731 3661 798 3707 non
822 3646 970 3722 segniter
1022 3649 1077 3711 sit.
1089 3649 1336 3720 Verumtamen,
1344 3647 1430 3710 sicut
1442 3648 1647 3711 vircellidus
1657 3650 1693 3712 et
1704 3666 1820 3726 sagax,

171 3752 353 3822 festinavit,
370 3752 453 3812 etse
472 3748 508 3808 in
531 3747 603 3808 tuto
625 3742 875 3806 cumfratribus
897 3743 968 3805 suis
1022 3747 1192 3808 deminum
1220 3748 1346 3824 Papam
1373 3746 1569 3823 Gregorium
1598 3763 1661 3825 per
1685 3748 1820 3810 nuntios

171 3849 309 3928 recepit.
325 3851 398 3911 Rex
412 3861 504 3917 vero,
518 3842 701 3920 perpetrati
713 3840 854 3918 perjurii
865 3857 968 3903 cons·
1022 3860 1100 3905 snos
1114 3842 1235 3906 blande
1250 3845 1283 3905 et
1295 3843 1470 3905 humiliter
1482 3844 1637 3906 exoravit
1655 3847 1820 3922 quatenus

172 3950 255 4021 cius,
272 3946 327 4010 ubi
349 3945 480 4006 reatum
504 3956 600 4001 suum
619 3938 847 4000 indubitanter
860 3937 970 4016 publi·
1022 3940 1174 4003 eumdem
1197 3944 1411 4017 Rodulpbum
1445 3957 1523 4003 mox
1548 3942 1820 4004 excommunica-

170 4048 282 4111 catum
306 4042 480 4120 cognorit,
503 4037 655 4116 deposita
677 4036 865 4110 ferocitate,
889 4036 968 4099 tan-
1021 4039 1104 4102 tioni
1128 4038 1318 4116 subjiceret.
1331 4060 1334 4067 ’
1347 4037 1502 4101 Pontifex
1529 4040 1653 4112 autem,
1678 4040 1818 4101 consilio

171 4142 397 4224 quamrulpes
408 4134 796 4214 callida,simplicitntem
807 4133 969 4198 columbi·
1021 4136 1145 4209 habito,
1162 4135 1335 4214 respondit
1347 4151 1382 4197 se
1397 4136 1461 4197 boc
1480 4135 1625 4199 libenter
1638 4135 1818 4209 facturum,

170 4259 249 4306 nam
261 4240 380 4313 induit,
395 4238 430 4301 et
446 4251 551 4315 usque
572 4234 614 4296 ad
636 4234 746 4312 ipsum
763 4235 919 4308 castrum,
932 4235 968 4297 ut
1022 4234 1052 4297 si
1065 4238 1260 4310 Rodmpbus
1272 4250 1292 4295 a
1305 4234 1488 4296 sevocatus
1500 4234 1665 4296 rationem
1676 4234 1730 4296 sui
1741 4234 1818 4297 facti

170 4340 356 4404 mereretur
379 4334 528 4408 absolvi,
554 4332 749 4395 Pontificem
777 4332 872 4410 sequi
900 4348 967 4394 nou
1020 4332 1159 4394 reddere
1171 4331 1277 4394 nollet
1290 4352 1298 4392 t
1313 4347 1380 4393 uon
1394 4332 1484 4393 euim
1493 4333 1622 4409 justum
1638 4334 1697 4394 aut
1715 4333 1820 4394 ratio-

170 4439 314 4503 destitit:
330 4437 366 4499 in
379 4450 444 4516 quo
455 4434 529 4497 loco
545 4431 767 4511 supernivem
781 4431 813 4492 et
825 4429 967 4507 glaciem
1019 4427 1131 4491 nabile
1153 4427 1338 4500 videbatur,
1354 4431 1391 4491 ut
1405 4428 1599 4506 priusquam
1615 4429 1818 4491 convenire·

169 4539 269 4602 nudis
284 4536 423 4615 pedibus
439 4550 499 4612 per
513 4533 585 4595 dies
600 4530 727 4607 aliquot
742 4528 844 4601 stetit,
860 4529 893 4591 et
906 4527 968 4590 ab·
1019 4528 1074 4589 tur
1089 4526 1444 4589 excommunicationis
1456 4525 1569 4603 gladio
1589 4526 1704 4604 puniri
1719 4526 1819 4589 debe-

169 4635 345 4699 solntionis
360 4632 502 4709 gratiam
516 4628 759 4692 instantissime
774 4626 964 4704 postulavit.
1020 4626 1081 4686 ret.
1111 4626 1218 4702 Hujus
1246 4623 1359 4701 itaque
1386 4623 1614 4701 responsionis
1642 4625 1817 4687 occasione

168 4735 249 4798 Post
271 4731 393 4794 multas
415 4731 526 4805 itaque
549 4726 808 4803 disceptationes
825 4724 965 4786 etvaria
1019 4721 1180 4783 adversus
1205 4719 1399 4783 Pontificem
1414 4721 1594 4783 maximam
1609 4721 1816 4799 indignatio·

168 4829 321 4900 consilia,
336 4828 410 4904 post
424 4823 686 4886 satisfactionem
699 4823 732 4883 et
746 4821 965 4885 absolutionis
1018 4835 1095 4881 nem
1109 4819 1276 4896 concepit3
1292 4818 1350 4880 sed
1366 4818 1443 4897 quia
1455 4818 1656 4894 gravissima
1668 4819 1734 4882 sibi
1752 4835 1814 4881 ue·

166 4927 322 5007 gratiam,
337 4923 424 4985 idem
438 4919 593 4983 Pontifex
616 4917 895 4980 intermissurum
910 4934 966 4980 so-
1017 4917 1108 4994 gotia
1136 4915 1391 4989 incumbebant,
1418 4914 1481 4977 hoc
1507 4916 1755 4994 praetermisso,
1779 4917 1813 4978 in

167 5025 280 5089 lennia
296 5021 379 5100 regi,
392 5019 537 5081 hostiam
559 5014 682 5078 Christi
704 5014 891 5093 porrigens,
908 5015 964 5078 di·
1017 5014 1194 5077 Franciam
1217 5014 1250 5076 et
1270 5014 1447 5075 Bavariam
1476 5015 1592 5076 contra
1601 5002 1813 5091 Podcctpnum

167 5124 219 5188 xit
241 5122 302 5184 :Si
328 5117 429 5181 corde
454 5115 542 5176 bono
570 5112 712 5185 accedis,
731 5114 764 5175 et
791 5113 877 5191 quod
906 5129 964 5176 ore
1017 5113 1053 5174 in
1069 5128 1169 5174 manu
1187 5110 1300 5173 valida
1316 5111 1506 5173 festinarit:
1523 5126 1542 5172 e
1561 5114 1678 5174 contra
1691 5115 1814 5175 nocct-

166 5218 334 5301 profiteris
350 5213 432 5276 milri
447 5211 624 5274 observare
647 5210 807 5289 disponis,
824 5211 888 5274 hec
907 5227 965 5274 sa·
1012 5215 1114 5287 pnes,
1130 5208 1316 5287 de‘justitia
1341 5224 1402 5270 sua
1426 5207 1606 5283 confidens,
1621 5208 1663 5270 ad
1678 5208 1811 5271 condio-

133 5386 136 5391 ’
203 5404 245 5477 (a)
267 5402 336 5470 Udo,
352 5397 521 5472 quibusdam
544 5398 620 5465 Ado,
649 5394 828 5454 Trevirensis
849 5395 961 5476 arclrie·
1015 5393 1226 5454 sionefactam.

168 5467 551 5559 propugnandum
567 5465 811 5595 wisfrlenoisshiii
821 5464 961 5596 Ιέὲιιυῶὲξ-
1015 5464 1326 5598 ,ἐθῦἳὲθωῶεῶηέἒῐοη
1340 5461 1458 5525 &vitre
1478 5458 1809 5540 (flaute-Franconie),t

167 5555 298 5677 finitioni}
308 5542 688 5686 ?aedvigggiilviiiiiiurieni
701 5580 793 5667 Udoni
821 5579 961 5666 ea'occas
1107 5580 1113 5595 ⁸
1295 5551 1325 5610 θ’
