3960 6188
1962 88 1963 133 l

212 309 213 314 η
230 265 292 327 883
695 260 873 325 HONORII
895 208 941 323 Ill
962 261 1110 323 OPERA.
1125 290 1167 307 -
1180 258 1414 326 SERMONES.
1818 260 1885 324 884

236 425 383 488 sidemus
397 424 485 487 sicut
504 421 583 487 lecit
600 422 758 485 Zachaeus
778 421 835 500 qui
858 421 949 484 dedit
965 436 1026 485 sua
1082 420 1293 500 reprimendo
1310 421 1479 493 humores,
1492 418 1648 499 decoquit
1661 420 1884 498 praeparando

231 524 264 587 et
275 522 419 587 reddidit
430 521 552 594 aliena,
568 520 647 599 quia
670 535 737 582 non
757 518 934 583 dimittitur
944 534 1026 597 pec·
1082 519 1186 592 cibos,
1202 518 1357 581 calefacit
1374 519 1565 596 repellendo
1586 518 1706 595 frigus.
1728 520 1819 594 Ergo
1833 519 1887 579 ln-
1962 516 1963 603 ζ

230 620 351 693 catum,
372 619 438 681 nisi
459 618 655 681 restituatur
675 615 833 678 ablatum.
862 617 922 678 ille
938 618 1031 679 recte
1082 616 1183 678 cetin
1195 616 1407 686 candelabro,
1420 616 1488 679 urit
1501 616 1642 694 paleam,
1658 614 1800 677 roborat
1812 616 1885 676 tas-
1962 630 1963 663 ι

230 717 350 781 obtulit
363 718 397 778 et
407 718 498 778 recte
511 715 635 787 divisit,
657 715 735 792 quia
751 714 842 776 dedit
855 714 1027 776 dimidium
1080 713 1160 785 tam
1176 714 1295 791 purgat
1308 729 1437 783 aarum,
1451 713 1597 775 desiccat
1608 729 1772 789 pannum,
1792 711 1887 774 deco-

228 815 391 877 bonorum
404 829 539 875 suorum
551 811 864 893 pauperibusquia,
875 813 1028 887 pertracti
1082 810 1153 887 quit
1178 810 1298 883 cibum,
1332 810 1486 873 calefacit
1519 810 1658 872 nndnm.
1699 813 1885 872 Possumus
1962 804 1963 823 ¹

230 912 850 986 eleemosvmmceraptnapaeperte
862 911 1030 984 ermetem
1081 906 1220 969 reddere
1234 908 1365 984 singula
1380 908 1533 985 singulis,
1554 908 1613 969 sed
1624 906 1835 979 dubitamus,
1851 910 1885 969 nt

230 1009 387 1071 victimat
404 1009 515 1081 tilium
529 1010 567 1068 tn
585 1007 896 1082 aornpeoturatm
910 1004 1025 1084 (Eccli.
1082 1020 1191 1066 sermo
1201 1005 1353 1082 prolixus
1366 1006 1505 1082 generet
1517 1004 1702 1068 fastidium.

230 1104 649 1179 angerinensem
673 1102 787 1181 iniqua
807 1118 945 1165 munera
961 1118 1027 1164 non
1120 1103 1306 1165 Jerusalem
1319 1102 1517 1179 intelligitur
1525 1104 1643 1165 sancta
1655 1101 1823 1173 Ecclesia,
1834 1102 1884 1163 uel

229 1203 390 1280 acceptat.
402 1201 499 1264 Multi
507 1202 584 1263 sunt
592 1200 692 1263 hodie
702 1200 759 1278 qui
770 1216 870 1277 quum
883 1198 1028 1261 habeant
1082 1214 1288 1277 unaquaque
1302 1200 1409 1262 tidelis
1430 1200 1553 1262 anime.
1575 1200 1677 1261 Scitis
1692 1199 1788 1260 enim
1801 1198 1883 1276 quod

229 1300 381 1373 multum,
393 1299 473 1362 dant
484 1315 617 1376 parum,
632 1314 734 1376 quum
744 1297 889 1359 habeant
900 1313 1025 1369 carum,
1080 1297 1267 1359 Jerusalem
1287 1298 1429 1375 quatuor
1446 1297 1552 1359 modis
1573 1297 1745 1374 accipitur
1766 1311 1885 1357 secun-

229 1397 310 1461 dant
331 1397 415 1474 vile3
432 1413 533 1474 quum
561 1395 707 1458 habeant
738 1397 921 1474 proprium,
949 1394 1029 1456 dant
1082 1393 1160 1454 dnm
1174 1396 1317 1471 quatuor
1330 1393 1536 1473 theologicos
1550 1393 1761 1467 intellectus,
1775 1392 1882 1454 histo-

230 1494 377 1556 alienum
394 1511 402 1567 ;
419 1510 520 1572 quum
544 1493 625 1554 dare
644 1493 787 1554 debeant
800 1492 926 1569 egenis,
949 1491 1029 1553 dant
1081 1491 1199 1564 ricum,
1215 1492 1442 1571 allegoricum,
1458 1492 1704 1570 tropologicum
1715 1491 1751 1552 et
1765 1506 1884 1567 anago-

231 1591 463 1654 histricnibus.
488 1590 646 1653 Zachaeus
672 1590 770 1652 aliter
801 1589 888 1652 iecit.
928 1589 1027 1652 Recte
1080 1589 1202 1664 gicum.
1233 1591 1289 1652 Est
1316 1590 1406 1653 enim
1440 1589 1625 1653 Jerusalem
1659 1588 1821 1666 superior
1853 1590 1883 1649 et

230 1688 370 1750 contulit
388 1689 421 1749 et
441 1688 532 1749 recte
547 1687 671 1760 divisit,
683 1686 791 1748 dando
810 1703 876 1748 non
897 1703 1025 1765 parum,
1081 1686 1231 1759 inferior,
1245 1688 1388 1750 interior
1419 1688 1452 1750 et
1472 1687 1634 1760 exterior,
1654 1685 1807 1748 coelestis
1829 1685 1882 1745 ri·

229 1785 453 1860 sedmultum3
470 1784 548 1862 quia
563 1783 654 1846 dedit
668 1784 851 1856 dimidium,
869 1801 935 1847 non
948 1785 1024 1857 vile,
1082 1783 1212 1857 delicet,
1237 1785 1270 1847 et
1296 1786 1475 1857 terrestris,
1502 1783 1689 1863 spiritualis
1709 1785 1744 1844 et
1766 1798 1884 1860 corpo-

230 1882 289 1943 sed
302 1897 435 1957 carnm3
452 1882 531 1960 quia
545 1881 634 1943 dedit
658 1881 831 1943 dimidium
846 1881 1024 1956 bonorum,
1080 1881 1174 1942 ralis.
1205 1884 1251 1944 De
1277 1882 1405 1944 duabus
1439 1882 1525 1943 nihil
1561 1881 1603 1943 ad
1641 1896 1811 1958 praesens.
1838 1881 1882 1940 De
1962 1956 1963 1959 Ἴ

228 1994 297 2040 non
312 1979 460 2041 alienum
483 1980 541 2041 sed
563 1979 754 2057 proprium,
770 1979 848 2056 quia
872 1979 962 2040 dedit
975 1980 1028 2041 di·
1082 1979 1230 2043 Ecclesia
1253 1980 1406 2042 terrestri
1434 1979 1515 2041 dicit
1539 1977 1729 2056 propheta:
1756 1980 1878 2052 Saepe,

227 2075 540 2138 midiumbonorum
556 2091 704 2149 suornm,
725 2092 792 2137 non
807 2075 1026 2138 histrionibus
1081 2079 1290 2146 illuminare,
1314 2080 1509 2139 Jorrcsclem
1530 2075 1588 2156 (Is.
1614 2090 1671 2146 ux,
1704 2072 1751 2153 1).
1781 2076 1880 2136 Jeru-

228 2173 287 2235 sed
308 2173 439 2250 egenis;
453 2173 531 2251 quia
553 2172 643 2235 dedit
669 2172 841 2235 dimidium
865 2173 1027 2235 bonorum
1081 2175 1185 2236 salem
1219 2174 1339 2253 quippe
1373 2174 1459 2236 sisio
1490 2172 1584 2250 pacis
1620 2172 1881 2249 interpretatum
1962 2178 1963 2199 l

228 2285 365 2333 suorum
388 2269 601 2349 pauperibus.
630 2273 728 2347 Ergo,
758 2270 890 2344 tratres,
913 2271 946 2333 et
966 2286 1027 2332 nos
1081 2272 1114 2335 et
1138 2272 1210 2334 haec
1236 2273 1288 2334 est
1314 2287 1388 2349 quae
1413 2271 1504 2333 ridet
1529 2286 1648 2348 pacem
1671 2269 1781 2341 illam,
1811 2284 1881 2345 gum
1962 2296 1963 2353 3

228 2383 288 2444 per
315 2367 503 2446 exemplum
531 2367 623 2430 illius
651 2368 697 2431 ita
726 2367 898 2429 iaciamus.
928 2368 1027 2430 Scitis
1081 2369 1216 2447 superat
1234 2385 1366 2431 omnem
1386 2384 1531 2439 sensnm,
1549 2367 1727 2444 postquam
1746 2366 1786 2427 in
1802 2382 1885 2443 pace

227 2464 327 2538 enim,
346 2464 477 2538 iratres,
500 2465 585 2544 quod
602 2466 683 2527 Cain
705 2466 846 2542 tegendo
864 2466 899 2527 et
918 2481 1025 2527 excu—
1081 2464 1187 2529 factus
1212 2467 1264 2529 est
1289 2466 1384 2528 locus
1407 2468 1480 2544 ejus
1508 2466 1541 2526 et
1560 2463 1727 2526 habitatio
1751 2467 1826 2541 ejus
1845 2463 1879 2523 in

228 2562 334 2624 sande
357 2563 529 2640 peccatum
550 2564 585 2625 in
606 2562 847 2641 desperationis
871 2562 1026 2640 laqueum
1082 2562 1174 2624 Sion.
1195 2561 1376 2624 Delectaris
1386 2561 1422 2623 in
1436 2576 1530 2640 pace,
1545 2562 1575 2622 si
1587 2563 1694 2622 Βθιιιιι
1705 2561 1804 2622 vides
1817 2560 1878 2621 ba-

229 2659 357 2733 incidit,
374 2661 407 2722 et
424 2661 560 2723 econtra
584 2660 688 2723 David
705 2676 765 2739 per
782 2659 1026 2723 confessionem
1080 2660 1163 2724 bens
1176 2660 1263 2739 quod
1276 2661 1380 2739 cupis,
1398 2658 1477 2737 qnia
1489 2658 1560 2737 ipse
1574 2659 1625 2720 est
1634 2658 1879 2735 perfectissima
1962 2658 1963 2691 r

230 2756 365 2818 veniam
378 2757 579 2834 impetravit.
1080 2774 1160 2836 pax,
1176 2756 1326 2835 quilecit
1342 2758 1483 2835 utraque
1499 2758 1726 2834 unumqu'us
1742 2770 1810 2832 pax
1823 2770 1880 2816 ex-

271 2854 353 2915 ltem
369 2874 378 2914 ι
397 2855 500 2917 steret
521 2859 623 2919 Jesrcs
645 2859 682 2917 tn
705 2859 816 2919 medic
844 2857 1027 2930 dtsclpulo-
1080 2853 1882 2935 superatomnemsensumndbancexpngnan·

227 2965 310 3011 rum
322 2966 478 3013 suorum.
497 2954 566 3014 Nos
589 2968 704 3013 sumus
721 2950 876 3030 discipuli
889 2951 1023 3024 Christi,
1080 2953 1258 3014 damvenit
1269 2952 1373 3014 David
1386 2968 1465 3014 vere
1478 2967 1581 3013 manu
1594 2950 1771 3029 fortis,qui
1781 2966 1877 3011 manu

229 3047 263 3109 et
281 3047 401 3124 ipsein
424 3048 533 3111 medio
556 3050 717 3122 nostrum,
743 3049 827 3111 etin
844 3049 985 3111 circuitu
1003 3064 1025 3110 a
1079 3050 1198 3112 inermi
1207 3051 1240 3113 et
1247 3050 1348 3112 etiam
1358 3049 1450 3111 cruci
1459 3048 1561 3110 aitixa
1571 3047 1754 3109 debellavit
1764 3062 1877 3109 aereas

225 3144 352 3207 dextris
365 3148 430 3209 eta
445 3147 604 3210 sinistris.
626 3149 664 3208 In
680 3147 788 3209 medic
807 3146 859 3209 est
871 3162 931 3225 per
944 3162 1025 3208 con-
1078 3148 1268 3226 potestates.
1294 3146 1358 3208 Sed
1377 3149 1488 3208 tamen
1504 3161 1571 3207 non
1589 3145 1698 3222 potuit
1717 3144 1798 3206 inde
1818 3145 1878 3222 eji-

224 3243 373 3307 cordiam
394 3245 427 3306 et
452 3244 660 3318 charitatem,
684 3244 878 3305 illuminans
901 3259 961 3305 nos
982 3243 1024 3306 ad
1079 3261 1155 3307 cere
1179 3244 1380 3316 Jebusaenm,
1396 3243 1494 3315 idest,
1503 3243 1633 3331 ‚primos
1647 3243 1771 3303 motus.
1785 3243 1881 3303 Sem-

223 3356 338 3403 veram
361 3342 414 3403 sui
433 3342 667 3418 cognitionem,
691 3343 725 3404 et
746 3341 958 3404 inflammans
982 3342 1023 3403 ad
1078 3358 1139 3420 per
1150 3343 1240 3404 euim
1252 3341 1425 3405 lebusaeus
1437 3339 1672 3418 idestprimus
1686 3339 1874 3408 motusba·

224 3454 339 3500 veram
352 3438 575 3501 dilectionem.
599 3442 737 3516 Semper
753 3439 842 3500 enim
861 3439 896 3499 in
915 3439 1023 3500 medio
1077 3440 1161 3503 bitat
1178 3440 1321 3502 interra
1341 3440 1456 3500 nostra
1484 3452 1558 3516 quae
1581 3435 1678 3498 nobis
1707 3437 1823 3513 spinas
1846 3438 1877 3498 et

222 3535 357 3603 illorum
373 3539 424 3599 est
435 3539 544 3610 Jesns,
564 3537 621 3615 qui
639 3536 699 3621 pie
721 3535 901 3614 loquuntur
915 3536 956 3597 de
970 3552 1021 3609 ec,
1076 3537 1218 3601 tribulos
1236 3552 1304 3598 non
1324 3534 1446 3597 desinit
1458 3533 1660 3611 germinare,
1677 3533 1764 3595 adeo
1776 3533 1873 3611 quod,

225 3634 329 3711 etqui
348 3634 594 3711 congregantur
616 3634 652 3695 in
672 3635 807 3696 nomine
824 3636 908 3712 elus.
929 3633 1023 3696 Unde
1077 3635 1145 3696 nisi
1158 3633 1289 3712 parvuli
1312 3633 1492 3695 teneantur
1511 3631 1545 3692 et
1562 3630 1750 3692 allidantur
1768 3630 1810 3692 ad
1826 3646 1876 3707 pe

223 3728 297 3806 ipsa
312 3730 347 3790 in
357 3731 538 3805 Evangelio
555 3752 562 3790 ε
589 3734 648 3792 bht
659 3734 726 3794 due
737 3736 789 3793 vel
804 3733 877 3794 tres
890 3731 1022 3806 naertrtl
1076 3733 1173 3805 tram,
1190 3748 1233 3793 ne
1251 3730 1335 3792 forte
1360 3729 1512 3791 crescant
1525 3729 1643 3790 contra
1654 3743 1734 3804 nos;
1750 3727 1873 3799 bestia,

222 3826 472 3909 congregatim
488 3830 627 3887 nomine
638 3841 727 3899 meo,
743 3831 880 3889 ibicum
894 3831 931 3889 ln
949 3843 1024 3890 me
1077 3832 1110 3892 et
1124 3828 1307 3907 vulpeculae
1324 3827 1502 3904 capiantur
1518 3825 1596 3886 dnm
1617 3825 1696 3886 sunt
1713 3824 1872 3902 parvulae,

222 3924 280 3983 cito
295 3936 417 3985 eorum
431 3921 563 4003 (Matth.
579 3937 677 3995 xum,
701 3921 768 4001 20).
796 3925 868 3984 Duo
886 3924 1022 3987 veltres
1076 3929 1105 3989 si
1118 3925 1292 3999 creverint,
1305 3924 1437 3987 vineam
1453 3923 1585 3984 Domini
1598 3922 1745 3984 Sabaoth
1759 3922 1873 3983 demo·

223 4019 417 4096 congregati
441 4020 478 4081 in
493 4020 628 4082 nomine
641 4019 764 4082 Christi
780 4020 858 4083 sunt
871 4020 1022 4084 homines
1076 4024 1211 4087 lieutnr.

223 4117 404 4179 concordes
425 4118 461 4178 in
476 4116 540 4179 tide
559 4118 592 4180 et
612 4117 790 4179 dilectione
804 4118 846 4180 ad
861 4119 1022 4182 bonorem
1115 4125 1162 4184 De
1185 4120 1339 4184 interiori
1363 4118 1559 4191 Jerusalem,
1587 4117 1686 4189 idest,
1714 4116 1754 4178 de
1781 4114 1871 4176 fideli

223 4213 359 4276 Christi.
381 4215 443 4287 Qui
464 4214 541 4278 ideo
564 4214 720 4277 dicuntur
746 4216 823 4289 duo,
853 4204 931 4295 linia
956 4217 1021 4279 duo
1076 4220 1189 4280 anima
1203 4218 1326 4295 legitur
1342 4240 1349 4277 ι
1367 4216 1457 4279 Dabo
1471 4216 1508 4278 in
1524 4215 1605 4278 Sion
1617 4215 1773 4286 salutem,
1790 4213 1871 4274 etin

221 4313 300 4374 sunt
312 4313 478 4390 praecepta
499 4313 683 4386 charitatis,
697 4313 863 4388 videlicet,
883 4314 1021 4392 diligere
1074 4316 1262 4380 Jerusalem
1285 4315 1426 4391 gloriam
1460 4328 1580 4374 msam.
1614 4312 1711 4373 Unde
1748 4311 1870 4372 isaias:

222 4409 326 4471 Deum
356 4410 389 4471 et
419 4410 620 4487 proximum.
652 4409 729 4471 Ideo
766 4409 922 4472 dicuntur
951 4411 1020 4473 tres
1075 4417 1225 4475 indecere
1244 4412 1449 4488 fortitudine
1473 4411 1544 4481 tua,
1566 4413 1651 4473 Sion
1675 4406 1735 4488 (Is.
1754 4404 1870 4485 un,1);

222 4506 357 4583 propter
369 4507 466 4569 tidem
481 4506 666 4578 charitatis,
683 4523 757 4584 quae
768 4508 818 4569 est
829 4507 865 4568 in
880 4506 1021 4570 circuitu
1076 4511 1171 4588 qnasi
1197 4507 1339 4571 diceret:
1356 4510 1382 4571 Ο
1409 4508 1501 4579 Sion,
1529 4506 1625 4578 idest,
1653 4504 1805 4567 Ecclesia
1822 4503 1870 4564 rel

224 4602 435 4679 nostro,quia
450 4602 592 4679 protegit
601 4618 662 4664 nos
676 4601 718 4664 ab
727 4602 885 4676 inimicis,
895 4602 1021 4675 idest‚a
1076 4608 1189 4669 anima
1203 4622 1277 4683 qun
1291 4604 1382 4667 fuisti
1391 4603 1522 4665 infirma
1533 4602 1716 4665 secundum
1729 4617 1870 4672 carnem

223 4696 441 4759 daemonibus.
458 4699 551 4761 Unde
563 4700 635 4776 ipse
654 4715 715 4777 per
730 4700 925 4761 Zachariam
938 4715 1020 4779 pro·
1076 4704 1153 4783 quia
1166 4703 1302 4782 spiritus
1317 4702 1450 4780 quidem
1462 4702 1634 4779 promptus
1646 4701 1710 4771 est,
1727 4714 1808 4762 carc
1819 4713 1869 4761 an·

221 4793 355 4870 phetam
369 4816 377 4855 ε
393 4798 466 4871 Epo
483 4812 544 4858 ero
557 4806 682 4859 murus
699 4800 790 4874 tants
811 4801 849 4859 tn
871 4799 1021 4860 circuitu
1075 4804 1140 4864 tem
1156 4800 1299 4872 infirma,
1316 4799 1457 4861 induere
1474 4797 1671 4860 tortitudine
1689 4798 1762 4869 tua,
1779 4796 1866 4865 idest,

221 4891 417 4953 lacteolam
433 4890 545 4970 (Zach.
563 4908 599 4964 ιι,
614 4891 659 4972 5).
1074 4899 1189 4976 accipe
1204 4897 1395 4961 firmitatem
1409 4896 1470 4958 tibi
1485 4895 1694 4973 promissam,
1713 4895 1751 4955 nt
1762 4894 1870 4956 deca-

263 4987 352 5064 lgnis
369 4988 491 5061 autern,
517 4988 648 5063 naua,
669 4990 732 5052 etsi
756 4990 877 5054 multas
900 4992 1022 5055 habeat
1074 4998 1147 5060 tero
1161 5011 1223 5057 nec
1236 4994 1399 5070 fatigeris,
1416 5010 1478 5055 nec
1492 4992 1685 5054 infirmeris.
1696 4992 1791 5053 Talis
1804 4990 1868 5052 lor·

221 5086 454 5164 proprietates,
470 5086 533 5147 has
546 5088 659 5148 tamen
674 5089 800 5165 septem
812 5089 944 5152 videtur
958 5089 1022 5152 ha·
1074 5094 1180 5157 titudo
1195 5092 1404 5169 significatur
1419 5107 1478 5169 per
1497 5090 1691 5153 Ecclesiam.
1706 5089 1813 5151 Aliter
1826 5088 1869 5148 ιθ

221 5183 300 5246 bere
323 5183 487 5246 notabiles
505 5185 604 5263 atque
632 5184 793 5261 insignes.
821 5186 911 5263 ignis
931 5187 1019 5250 enim
1076 5192 1169 5265 Sion,
1192 5189 1288 5263 idest,
1309 5189 1469 5262 Ecclesia,
1491 5203 1657 5263 consurge
1675 5187 1717 5248 dc
1740 5187 1869 5264 pulvere

221 5281 320 5351 lucet,
337 5282 415 5354 urit,
431 5281 578 5353 roborat,
597 5284 728 5361 purgat,
749 5284 906 5358 desiccat,
921 5285 1022 5348 decc-
1073 5290 1173 5352 terrae
1199 5304 1259 5368 per
1280 5286 1393 5350 carnis
1419 5285 1710 5357 resurrectionem,
1739 5286 1775 5345 et
1796 5299 1869 5345 con·

222 5379 304 5457 quit,
334 5380 367 5441 et
393 5379 557 5443 calefacit
582 5381 684 5442 Lucet
712 5396 773 5459 per
798 5381 1019 5459 splendorem,
1075 5403 1174 5463 surge
1187 5385 1359 5447 demando
1374 5384 1415 5445 ad
1431 5384 1599 5444 coelestem
1617 5380 1865 5443 beatitudinem.

223 5474 291 5535 urit
299 5492 358 5552 per
372 5478 668 5556 consumptionem,
683 5477 817 5540 roborat
831 5478 1021 5541 ministran·
1076 5486 1115 5547 Et
1128 5484 1206 5547 nota
1219 5482 1304 5561 quod
1313 5480 1363 5542 bis
1375 5480 1472 5549 dixit,
1486 5494 1667 5556 consurge,
1676 5479 1757 5556 quia
1769 5479 1867 5556 primo

222 5569 265 5629 do
279 5571 380 5642 vires,
391 5577 718 5655 purgatremoyepdo
732 5576 859 5648 sordes,
876 5576 1021 5642 desiccat
1075 5581 1276 5657 consurgent
1298 5595 1439 5658 corpora
1465 5562 1646 5642 electorum
1670 5576 1712 5638 de
1737 5576 1867 5654 pulvere
