3952 6188
237 276 304 337 ua·
701 266 878 333 nouonu
899 268 945 339 111
967 269 1114 335 onaan.
1131 299 1170 313 -
1185 266 1417 356 sandonus.
1828 273 1887 338 ru

236 431 372 495 carnale
384 428 542 503 homlnls,
555 431 588 492 et
601 428 846 507 lnlqul.llquilo
860 430 910 492 est
919 427 1033 505 lingua
1085 428 1226 502 seems
1256 427 1410 506 designat
1437 428 1675 493 abstinentiam
1705 431 1888 511 vitiorum,

236 529 476 592 maledicentis.
493 525 823 590 Ollasuccenditura
838 525 1035 604 facieiqui·
1086 527 1165 603 quia
1188 529 1313 604 septem
1335 527 1516 590 enutritis
1538 545 1613 606 quae
1637 535 1827 592 nascumtur
1848 532 1889 594 de

237 626 335 699 lonis,
358 624 489 704 quando
504 640 563 687 cor
578 623 723 687 bominis
742 624 893 686 movetur
907 623 949 684 ad
963 623 1032 685 im-
1086 625 1194 685 matre
1209 623 1374 701 superbia,
1393 641 1467 703 quae
1481 639 1541 703 per
1555 626 1788 703 septiformem
1804 644 1888 704 gra·

235 724 431 801 patientiam
446 724 479 787 et
492 721 756 800 indignationem
768 720 908 784 alteriue
921 719 1032 782 verbis
1084 720 1168 782 tiam
1189 721 1337 784 excludit
1358 722 1503 800 Spiritus
1527 724 1680 786 Sanctus.
1704 728 1888 788 Peccantes

235 821 494 883 etcontuneliis.
1087 818 1887 898 primaexcipitnegligentiasni.Negligeatiam

275 919 424 980 Primum
449 933 529 994 ergo
552 914 718 994 jejunium
746 914 832 992 quod
860 914 971 990 agitur
997 912 1032 975 in
1086 915 1236 992 sequitur
1256 916 1450 988 curiositas,
1473 918 1704 980 curiositatem
1727 921 1887 998 concupi-

235 1016 378 1094 quatuor
397 1018 582 1092 temporum
606 1012 829 1086 observantia,
851 1010 1032 1089 dequibus
1086 1013 1231 1084 scentia,
1253 1012 1557 1090 concupiscentiam
1580 1030 1788 1088 consensus,
1807 1032 1888 1078 oon-

234 1112 436 1174 mentionem
449 1111 620 1182 faciemus,
642 1110 748 1171 tribus
762 1109 803 1171 de
823 1110 934 1171 causis
948 1125 1033 1186 quo-
1087 1124 1222 1170 sensum
1247 1109 1468 1183 consuetudo,
1493 1111 1772 1174 consuetudinem
1801 1129 1882 1175 oon-

234 1210 316 1271 libet
333 1210 369 1269 in
390 1225 478 1270 anno
500 1208 537 1269 lit
559 1207 782 1280 subternario,
801 1206 966 1278 uidelicet,
989 1205 1031 1267 ad
1085 1206 1239 1283 templus,
1255 1207 1478 1286 contemptum
1497 1208 1638 1281 malitia,
1660 1209 1751 1271 idest
1768 1210 1881 1272 deiec-

234 1305 500 1387 prosequendum
512 1304 702 1382 imperium,
714 1303 756 1366 ad
769 1303 946 1365 delendum
959 1319 1033 1382 pec·
1085 1301 1168 1363 tatio
1177 1302 1316 1379 peccati.
1326 1302 1879 1383 Primatardat,secundaimpedit,

234 1403 356 1476 catum,
380 1404 414 1464 et
429 1400 471 1463 ad
493 1400 747 1478 exprimendum
761 1399 967 1477 mysterium.
981 1399 1030 1462 nd
1084 1397 1184 1459 tertia
1211 1398 1303 1475 ligat,
1321 1401 1441 1478 quarta
1465 1400 1610 1478 stringit,
1629 1402 1751 1478 quinta
1771 1403 1882 1477 nabit,

233 1499 501 1577 prosequendum
521 1498 697 1575 imperium
716 1497 847 1573 egimus
867 1497 930 1558 hoc
940 1499 1032 1574 jeju·
1085 1496 1181 1556 sexta
1193 1496 1390 1573 praecipitat,
1406 1496 1546 1574 septima
1559 1498 1799 1560 incarceratur
1811 1516 1885 1561 cars

233 1597 337 1668 nium,
354 1597 433 1674 quia
453 1596 653 1673 preceptum
673 1596 724 1657 est
742 1594 827 1672 legis
846 1594 932 1671 qnod
954 1594 1031 1656 ante
1083 1607 1161 1653 cere
1177 1593 1430 1670 desperationis.
1445 1594 1591 1656 Veniens
1608 1596 1725 1657 autem
1745 1596 1883 1673 Spiritus

233 1694 345 1769 legem
366 1693 489 1769 legitur
512 1691 734 1765 observatum,
755 1692 791 1753 ut
813 1707 857 1753 ex
877 1690 1030 1753 omnibus
1086 1690 1226 1751 Sanctus
1238 1689 1390 1767 primitus
1404 1691 1616 1766 negligentiae
1634 1693 1780 1770 opponit
1790 1693 1884 1755 timo-

232 1793 301 1850 Deo
316 1789 470 1867 primitiae
483 1789 726 1865 persolvantur.
740 1790 810 1849 Hoc
824 1788 935 1850 autem
949 1804 1032 1865 prae·
1083 1787 1536 1865 rem,quiaquitimet1leum
1550 1788 1636 1850 nihii
1646 1791 1819 1866 negliget,
1828 1807 1882 1852 ca-

233 1886 528 1964 ceptumeliamad
543 1886 672 1962 tempus
685 1885 884 1957 extenditur,
897 1885 1031 1947 utsicut
1083 1883 1226 1946 riositati
1258 1884 1435 1962 pietatem,
1471 1885 1628 1949 affectum
1671 1887 1809 1949 scilicet
1845 1888 1881 1949 ad

232 1985 374 2062 quatuor
392 1986 470 2046 suni
489 1985 639 2061 tempora
662 1981 754 2055 anni,
777 1982 810 2044 et
828 1982 865 2043 in
884 1982 1030 2060 quolibet
1083 1983 1198 2053 Deum
1214 1998 1289 2060 quae
1303 1981 1345 2043 ad
1359 1997 1458 2045 omne
1470 1998 1554 2061 opus
1569 1984 1661 2046 utilis
1682 1985 1738 2046 est
1756 1986 1793 2047 et
1809 2000 1880 2047 om·

230 2082 379 2159 tempore
394 2083 472 2143 sunt
491 2082 560 2142 tres
579 2095 722 2153 menses,
742 2080 789 2142 ita
807 2095 869 2140 nos
884 2081 1031 2157 prepri-
1084 2078 1165 2140 nino
1189 2078 1357 2141 contraria
1378 2080 1579 2156 curiositati3
1602 2082 1882 2160 concupiscentis

230 2178 334 2241 mitiis
353 2181 497 2256 quatuor
511 2177 642 2240 uicibus
657 2180 849 2255 jejunemus
872 2177 907 2238 in
927 2193 1026 2250 anno,
1084 2174 1259 2237 scientiam
1279 2176 1315 2237 ut
1335 2176 1420 2239 sciat
1441 2178 1587 2253 seipsum
1610 2177 1712 2240 bomo
1735 2181 1772 2241 et
1792 2196 1883 2258 mam

231 2276 265 2339 et
277 2277 313 2338 in
329 2274 476 2354 qualibet
488 2274 561 2337 vice
577 2274 683 2336 tribus
697 2274 814 2336 diebus
831 2275 873 2337 ad
887 2274 1028 2350 gloriam
1083 2288 1169 2333 vana
1181 2274 1342 2351 suntque
1361 2275 1581 2351 concupiscis
1595 2277 1780 2337 consensui
1793 2275 1885 2337 torti·

228 2373 413 2436 Trinitatis.
435 2373 484 2435 Ad
505 2372 680 2434 delendum
704 2373 874 2449 peccatum
897 2373 1028 2448 agimus
1082 2369 1242 2442 tudinem,
1257 2385 1300 2431 ne
1313 2371 1466 2433 vincatur
1479 2387 1499 2432 a
1513 2387 1680 2433 conserrsu
1697 2358 1758 2434 sed
1774 2373 1884 2434 ririli-

199 2462 203 2471 '
227 2471 292 2533 boc
308 2471 485 2550 jejunium,
510 2471 546 2532 ut
570 2470 817 2546 sicul-quatuor
837 2468 945 2530 modis
967 2468 1029 2529 snb
1081 2467 1883 2547 terresistat,consuetudiuiconsiliumquiaeum

228 2569 376 2630 ternario
396 2583 583 2645 peccamus,
604 2566 651 2629 ita
668 2568 809 2644 quatuor
822 2565 951 2628 vicibus
966 2566 1028 2627 sub
1081 2568 1218 2625 veultrm
1238 2564 1338 2626 luerit
1357 2564 1401 2626 ad
1417 2565 1692 2627 consuetudinem
1714 2568 1796 2628 tunc
1810 2584 1884 2631 uere

227 2666 375 2728 ternario
386 2669 589 2743 jejunemus.
608 2664 719 2727 Primo
734 2663 831 2726 modo
852 2679 1027 2741 peccamus
1082 2676 1166 2737 opus
1186 2662 1239 2723 est
1259 2661 1419 2737 consili03
1435 2663 1640 2740 contemptui
1661 2663 1882 2738 intellectum,

226 2762 262 2823 in
284 2764 428 2833 Patrem,
451 2777 628 2838 peccamus
648 2762 683 2821 ia
703 2761 838 2830 Filium,
852 2776 1027 2838 peccamus
1082 2758 1160 2835 qiua
1173 2758 1312 2820 consilio
1322 2760 1394 2835 jam
1407 2758 1579 2821 homiuum
1593 2762 1800 2838 contemplo,
1820 2762 1881 2823 ain·

226 2859 261 2920 in
278 2858 437 2936 Spiritum
453 2860 621 2921 Sanctum.
638 2861 676 2918 In
696 2859 830 2919 Patrem
850 2873 1027 2934 peccamus
1083 2870 1193 2931 per-se
1207 2856 1392 2932 periculum
1406 2872 1503 2917 suum
1517 2856 1682 2933 intelligat
1690 2860 1771 2935 jam
1785 2875 1883 2937 prope

226 2973 286 3033 per
304 2955 533 3034 impotentiam
554 2961 587 3016 el
605 2954 832 3031 fragilitatem,
847 2954 884 3015 in
903 2954 1026 3015 Filium
1081 2952 1522 3029 estdesperatioubmalitiae
1533 2954 1885 3034 sapientiam,qniasa·

226 3070 403 3132 peccamus
419 3070 477 3130 per
487 3052 710 3129 ignorantiam
721 3054 754 3114 el
766 3052 1025 3129 simplieitatem,
1081 3049 1207 3126 pientia
1223 3050 1326 3111 vincit
1339 3050 1500 3113 malitiam
1517 3051 1720 3126 attingensa
1739 3055 1808 3114 line
1822 3068 1882 3114 us-

222 3151 258 3213 in
271 3152 430 3229 Spiritum
441 3152 598 3213 salictum
609 3166 784 3226 peccamus
796 3166 856 3227 per
868 3150 1026 3212 duritiam
1081 3146 1197 3223 quoad
1211 3146 1312 3207 tinem
1326 3145 1456 3210 fortiter
1469 3149 1501 3210 et
1517 3148 1667 3225 disponit
1679 3149 1790 3211 omnia
1803 3165 1885 3212 sua-

224 3250 257 3312 et
270 3249 522 3325 malignitatem.
538 3248 627 3310 l‘atri
638 3264 780 3325 iramque
792 3247 1027 3325 appropriatur
1081 3243 1179 3305 viter.
1195 3243 1364 3320 Jejunium
1385 3247 1508 3306 decimi
1526 3244 1682 3320 designat
1703 3245 1879 3309 abstinen-

222 3348 381 3424 putenlia,
398 3346 468 3408 filio
485 3346 661 3424 sapientia,
683 3345 822 3422 Spiritui
843 3344 1028 3407 Sanctobe·
1083 3342 1160 3402 tiam
1175 3340 1365 3413 verborum,
1384 3341 1462 3418 quia
1481 3341 1596 3403 decem
1614 3345 1696 3404 sunt
1715 3344 1880 3421 praecepta

221 3443 379 3519 nignitas.
400 3444 450 3505 nd
470 3443 723 3520 exprimendum
741 3443 937 3520 mysterium
951 3443 1027 3518 agi·
1082 3438 1164 3514 legis
1179 3438 1220 3499 de
1234 3438 1354 3516 quibus
1368 3439 1466 3501 modu
1479 3440 1611 3500 nonest
1630 3439 1812 3502 dicendum
1825 3456 1884 3518 per

220 3551 295 3601 mus
314 3541 377 3603 boc
391 3541 569 3618 jejnnlum,
586 3540 676 3618 quia,
693 3541 781 3602 sicut
802 3555 960 3601 numerus
975 3555 1028 3601 as·
1080 3536 1223 3609 singula.
1239 3537 1311 3597 Hoc
1329 3535 1699 3613 seroquadripartitum
1713 3537 1882 3614 jejunium

222 3638 336 3699 cendit
369 3637 410 3698 ab
435 3638 562 3699 unitate
589 3636 631 3697 ad
655 3637 831 3708 unitatem,
857 3636 887 3698 si
908 3638 1026 3715 quater
1080 3632 1214 3694 initium
1232 3631 1350 3694 babuit
1365 3647 1412 3693 ex
1428 3632 1534 3695 ueteri
1548 3634 1772 3706 Testamento,
1796 3634 1884 3696 sieut

223 3734 282 3796 ssat
304 3732 535 3809 multiplicatio
552 3749 613 3809 per
634 3734 827 3805 ternarium,
846 3734 894 3795 sic
913 3735 1025 3796 anima
1079 3729 1221 3806 legimus
1236 3729 1271 3791 iu
1286 3729 1452 3807 l‘nlplrota
1470 3751 1479 3792 z
1496 3732 1674 3804 Jciuutum
1686 3732 1887 3807 pemmo-

220 3829 414 3893 conscendit
434 3829 475 3890 de
493 3829 657 3890 uirtutein
676 3829 845 3898 virtutem,
864 3830 892 3890 si
907 3834 1026 3908 quater
1072 3828 1216 3900 junium
1230 3827 1343 3902 pullati
1343 3869 1406 3889 .....

221 3930 299 4005 agat
317 3926 483 4006 ieiunium
503 3941 564 4003 per
578 3924 778 3987 ternarium
797 3928 868 3987 Hoc
883 3927 1024 4004 quadri·
1121 3925 1218 3984 Ntruc
1245 3922 1356 3985 antem
1383 3922 1621 3986 convenienter
1647 3924 1828 4001 jejunatur
1849 3924 1884 3985 in

222 4026 380 4103 partitum
394 4023 561 4101 jejunium
578 4022 778 4100 principium
791 4022 909 4086 babuit
920 4040 1026 4087 eave-
1078 4020 1211 4094 martio,
1226 4022 1259 4083 et
1270 4019 1306 4081 in
1314 4020 1423 4097 junio,
1436 4021 1517 4083 etin
1530 4020 1722 4098 septembri,
1735 4024 1770 4083 el
1783 4021 1885 4082 inde-

219 4123 284 4185 teri
297 4122 519 4193 Testamenm,
534 4121 619 4182 sicut
640 4119 720 4182 dicit
742 4120 921 4184 Zacharias
946 4138 1026 4199 pro·
1080 4116 1216 4179 cembri.
1232 4118 1271 4179 In
1284 4117 1404 4179 martio
1420 4133 1563 4196 namque
1574 4117 1721 4199 mundus
1733 4118 1800 4180 init
1811 4134 1887 4179 con·

219 4218 651 4298 phetazlejuuimnpuertl
665 4219 1025 4292 nemneljejumum
1078 4214 1177 4286 dilus,
1195 4215 1227 4276 et
1240 4214 1429 4291 redemptus
1448 4236 1457 4275 ι
1477 4216 1523 4276 et
1545 4218 1689 4277 omium
1706 4230 1794 4277 earo
1812 4218 1884 4291 tlte-

219 4318 332 4394 quinta·
345 4317 560 4391 etjcjuntum
571 4317 721 4392 septimi,
735 4315 954 4389 etjejuntum
964 4320 1025 4379 αε-
1079 4313 1152 4373 tum
1171 4312 1222 4374 est
1242 4312 1276 4373 ct
1295 4312 1463 4374 habitauit
1480 4314 1519 4372 iu
1536 4313 1644 4373 anobis
1660 4314 1700 4372 Iu
1713 4313 1814 4389 junio
1828 4312 1881 4374 lex

218 4419 301 4478 cami
322 4416 391 4497 erit
411 4417 506 4478 vobis
519 4418 562 4476 in
575 4417 742 4492 caudium
756 4415 791 4475 et
804 4417 843 4475 iu
857 4416 1023 4477 solemni-
1077 4407 1139 4471 run
1160 4409 1292 4471 condita
1313 4411 1347 4471 et
1367 4408 1593 4470 sanctuarium
1615 4408 1826 4482 institutum,
1846 4409 1879 4470 et

217 4508 824 4592 tatespraeouras(zacn.‚v1n,19).
1077 4508 1373 4569 Praecursurnatus
1389 4508 1439 4568 est
1454 4504 1649 4567 salvatoris.
1671 4507 1712 4567 ln
1732 4510 1881 4584 septem·

255 4610 426 4689 ieiunium
438 4610 550 4688 quarti
562 4609 714 4686 designat
724 4606 959 4671 abstinentiam
972 4607 1024 4669 ci-
1076 4601 1146 4664 bris
1162 4603 1313 4681 expiatio
1329 4602 1417 4664 tacta
1438 4603 1490 4665 est
1509 4602 1543 4663 et
1560 4601 1760 4679 propitiatio
1777 4604 1883 4681 impe-

216 4703 346 4779 borum,
366 4709 444 4784 quia
470 4709 614 4784 quatuor
635 4707 711 4768 sunt
735 4705 898 4768 elementa
921 4706 1022 4783 buJus
1076 4701 1174 4773 trata,
1191 4702 1224 4762 et
1237 4702 1344 4762 mater
1357 4700 1430 4761 orta
1443 4700 1496 4760 est
1510 4698 1757 4776 Redemptoris.
1776 4702 1815 4762 in
1828 4700 1886 4762 de-

216 4801 332 4862 mundi
348 4818 408 4878 per
422 4819 496 4879 quae
515 4801 679 4864 elementa
694 4801 789 4863 cibus
807 4801 1023 4864 administra·
1076 4797 1200 4859 cembri
1213 4797 1406 4858 mundatum
1430 4795 1493 4858 tuit
1511 4795 1671 4873 templum
1688 4798 1727 4859 et
1741 4797 1881 4860 dedica-

214 4898 280 4970 tur,
296 4896 463 4970 videlicet,
485 4903 586 4970 terra,
603 4913 701 4974 aqua,
717 4896 817 4972 ignis,
841 4901 874 4961 et
887 4915 956 4962 aer.
974 4902 1022 4961 De
1075 4895 1156 4966 tum,
1180 4894 1213 4956 et
1231 4894 1331 4955 natus
1356 4894 1407 4954 est
1427 4892 1618 4969 unigenitus
1638 4894 1825 4956 creatoris.
1846 4895 1885 4955 Et

213 4994 305 5059 terra
316 4993 480 5072 prodeunt
492 5009 606 5055 omnes
621 4993 698 5066 cibi,
711 4993 741 5054 si
753 5009 839 5072 aqua
849 4992 1019 5071 irrigetur,
1076 4991 1154 5068 quia
1168 4990 1334 5069 jejunium
1358 4991 1506 5066 tempore
1525 4988 1726 5066 acceptabili
1748 4991 1887 5053 institn-

214 5094 248 5157 et
260 5092 370 5155 ventis
384 5092 442 5169 qni
456 5092 534 5153 sunl
548 5090 585 5152 in
602 5104 680 5152 aere
695 5091 884 5165 ventiletur,
894 5092 934 5155 et
949 5091 1021 5155 sole
1075 5088 1146 5150 tum
1160 5090 1211 5149 est
1225 5086 1261 5148 in
1276 5086 1459 5148 subsidium
1473 5086 1679 5163 poenitentis
1694 5088 1841 5161 nostrae,
1855 5087 1889 5150 et

133 5217 143 5233 ·
213 5190 372 5268 tanquam
388 5190 466 5266 igne
485 5186 627 5250 calefiat.
645 5188 819 5265 Jejunium
832 5191 945 5264 puina
959 5189 1021 5252 de-
1075 5185 1171 5247 multi
1182 5188 1253 5262 jam
1272 5184 1446 5261 perierunt
1456 5197 1524 5259 per
1536 5183 1663 5258 gulam,
1683 5172 1749 5244 nos
1763 5183 1888 5247 fratres

212 5288 325 5365 signat
333 5284 788 5348 abstinentiamsaecularinm
797 5282 1018 5361 negotiorum,
1075 5282 1221 5344 nitamur
1234 5280 1364 5359 jejnnio
1390 5281 1505 5343 contra
1528 5278 1653 5356 gulam.
1679 5282 1749 5341 Per
1772 5281 1889 5357 emam

214 5385 383 5465 quiasuut
398 5383 544 5463 quinque
560 5396 679 5444 sensus
693 5383 843 5460 corporis
857 5397 921 5460 per
936 5399 1019 5461 quos
1073 5380 1178 5442 Adam
1218 5377 1337 5456 periit,
1377 5376 1460 5440 Loth
1497 5376 1663 5439 commisit
1700 5377 1887 5441 incestum.

215 5482 328 5544 omnia
350 5479 484 5558 negotia
498 5480 708 5552 exercentur,
727 5477 895 5549 videlicet,
912 5478 1016 5554 risus,
1073 5476 1213 5554 Propter
1219 5474 1384 5553 jejunium
1399 5474 1456 5535 aut
1473 5472 1712 5536 abstinentiam
1723 5475 1813 5538 socii
1823 5479 1875 5539 Da

218 5577 502 5655 auditumgustus,
515 5573 1017 5653 odoratusettaolm.lejuuium
1072 5573 1142 5639 niel
1166 5574 1343 5636 evaserunt
1362 5570 1573 5643 incendium.
1598 5572 1744 5650 Propter
1767 5572 1887 5652 gulam
