3936 6192
213 342 272 400 :aa
563 324 566 331 ’
796 324 971 385 uouonu
994 323 1039 383 111
1062 322 1209 382 oraui.
1806 326 1865 385 324

216 518 290 571 rus,
314 499 346 560 et
373 495 423 576 (a)
450 493 590 573 populus
617 488 786 551 celebrare
817 480 952 547 missam
977 482 1012 544 iu
1067 498 1171 559 quare
1192 481 1300 559 ipsum
1338 482 1540 560 supposuisti
1573 485 1733 561 perpetuo
1759 483 1867 546 inter-

216 600 330 661 eadem
359 593 502 657 ecclesia
528 589 725 666 Garganica,
746 586 938 664 priusquam
971 581 1012 644 ad
1067 580 1165 653 dicte,
1182 580 1358 643 consulens
1373 581 1457 643 utin
1472 581 1584 658 aliqua
1602 581 1745 643 ecclesia
1759 598 1864 658 regu-

219 696 425 774 Sipontinam
455 691 573 753 redeas
601 690 634 750 te
662 685 880 764 compellunt3
914 698 1014 760 super
1067 678 1131 740 lari
1159 679 1302 741 mutaret
1320 679 1354 740 in
1373 680 1492 741 melius
1513 680 1615 742 vitam
1643 696 1750 741 suam.
1767 684 1868 742 Post-

218 813 281 873 que
302 794 450 855 nostrum
467 792 499 852 et
512 785 710 866 Apostolicae
727 783 822 845 Sedis
837 781 1012 843 consilium
1067 777 1200 839 medum
1213 779 1323 840 autem
1338 777 1396 838 illo
1411 794 1524 839 coram
1537 794 1612 839 ren.
1629 777 1652 839 Ι.
1667 795 1701 839 n.
1718 778 1866 839 Ostiensi

217 886 643 971 implorasti.Quumautem
652 882 797 944 chrisma
810 896 849 941 eo
860 879 913 940 die
925 878 1013 940 iutra
1068 876 1244 953 episcopo,
1260 876 1339 938 tuuc
1353 876 1551 954 apostoncae
1574 876 1669 937 Sedis
1691 875 1817 952 legato,
1833 878 1868 938 ut

219 992 398 1052 missarum
424 985 619 1049 conficiatur
638 978 860 1048 solemniaci
878 975 1014 1037 cuilibet
1069 990 1180 1035 secam
1215 973 1476 1036 misericorditer
1506 975 1620 1051 ageret
1643 974 1865 1051 supplicante,

218 1088 381 1150 sacerdoti
407 1097 613 1163 quacumque
632 1078 792 1155 dignitate
819 1074 1015 1153 praefulgeat
1070 1072 1156 1132 idem
1168 1071 1209 1132 ad
1223 1072 1478 1134 celebrationem
1493 1072 1681 1135 divinorum
1693 1071 1868 1150 presbyte-

218 1203 318 1247 unam
346 1185 381 1245 in
407 1183 461 1243 die
489 1179 657 1242 celebrare
690 1176 825 1236 missam
859 1172 1013 1242 sufficiat,
1069 1185 1143 1229 rum
1156 1168 1334 1232 restituens
1353 1170 1583 1243 memoratum,
1599 1186 1701 1248 super
1719 1186 1868 1247 suspen-

220 1301 296 1345 nam
323 1284 356 1343 et
376 1280 457 1341 teliu
480 1277 577 1340 ualde
599 1276 650 1336 est
671 1272 727 1352 qui
749 1271 895 1334 celebrat
917 1268 1015 1345 digne
1070 1266 1164 1328 sione
1177 1266 1342 1340 beneficii,
1354 1284 1492 1330 causam
1509 1269 1618 1330 macti
1635 1268 1825 1330 sameas
1837 1270 1870 1330 et

220 1398 331 1451 unam
342 1380 364 1440 i.
378 1381 401 1440 t.
413 1396 455 1438 m.
473 1376 646 1453 qtratenus,
664 1372 718 1432 die
733 1370 892 1448 praedicto
910 1368 946 1427 in
960 1382 1017 1427 ec-

219 1479 322 1540 clesia
343 1476 515 1555 Sipontina
543 1470 704 1533 duntaxat
733 1470 767 1528 in
797 1482 863 1544 qua
891 1464 1016 1527 teneris

220 1578 365 1639 chrisma
388 1572 567 1644 conficere,
595 1569 772 1630 missarum
799 1564 933 1627 studeas
961 1577 1018 1622 so-

223 1674 343 1736 lemnia
358 1670 537 1734 celebrare.

361 1825 622 1895 :lrcbmptscopo
647 1821 801 1892 tpsotcu.
818 1813 863 1892 (b)

528 1972 666 2034 CAPUT
686 1971 724 2030 V.

205 2192 208 2196 .
265 2112 477 2175 perniciosus
501 2107 608 2178 valde,
643 2105 730 2167 sicut
759 2100 956 2169 audirimus,
985 2095 1019 2155 in

226 2213 290 2275 tuis
312 2209 460 2289 partibus
471 2206 607 2268 inolevit
619 2203 754 2274 abusae,
766 2197 922 2261 uidelicet
934 2193 1020 2272 quaed

226 2312 261 2372 in
274 2309 393 2387 majori
404 2304 587 2384 quantitate
600 2317 685 2379 aqua
706 2298 841 2378 ponitur
856 2296 891 2356 in
912 2292 1021 2353 sacri·

226 2410 312 2480 ticio,
330 2422 428 2486 quam
444 2404 484 2465 de
499 2403 588 2473 vine,
605 2416 705 2479 quum
721 2394 902 2458 secundum
912 2391 1021 2452 ratio·

228 2507 372 2569 nabilem
388 2500 660 2565 consuetudinem
676 2494 832 2557 Ecclesiae
842 2488 1019 2567 generalis,

229 2607 302 2684 plus
323 2605 359 2664 in
386 2602 459 2678 ipso
474 2599 518 2659 sit
538 2596 578 2657 de
599 2596 688 2666 rino,
706 2608 804 2671 quam
818 2588 863 2669 (c)
877 2588 917 2648 de
936 2600 1022 2662 aqua

230 2701 428 2781 ponendum.
445 2697 588 2772 Ideoque
602 2692 624 2752 i.
638 2694 662 2753 t.
675 2708 718 2751 m.
735 2689 899 2767 quatenus
914 2685 948 2745 id
961 2699 1023 2744 nec

228 2804 269 2861 de
290 2801 400 2861 cetero
416 2794 531 2865 iacias,
548 2807 607 2851 nec
624 2790 659 2850 in
682 2790 739 2850 tua
762 2783 934 2864 prouincia
950 2781 1022 2842 deri

229 2898 378 2977 patiaris.

410 3068 576 3140 Episcopo
586 3062 767 3123 Batricusi
781 3056 844 3135 (d).

523 3224 660 3285 CAPUT
678 3222 732 3282 VI.

272 3358 412 3418 Litteras
428 3354 501 3413 tuas
512 3347 698 3425 recepimus
709 3341 926 3410 continentes,
939 3335 1025 3415 quod

231 3473 330 3535 quum
373 3466 472 3529 super
504 3443 696 3508 excessibus
735 3437 886 3515 magistri
917 3432 1026 3495 Mauri

232 3550 414 3631 praem-uu
430 3545 579 3609 ecclesiae
595 3542 718 3603 sanctae
727 3531 1027 3612 BrigidaeBrixien·

232 3653 289 3721 sis,
307 3650 404 3727 juxta
423 3644 569 3706 debitum
597 3638 700 3700 oflicii
715 3632 893 3713 pastoralis
916 3629 1027 3705 inqui-

232 3764 336 3815 reres,
351 3743 520 3807 confossus
535 3740 596 3808 est,
609 3734 694 3814 quod
710 3748 810 3810 quum
821 3728 963 3807 quadam
974 3726 1027 3786 die

234 3845 376 3907 bostiam
389 3838 569 3903 etcalicem
584 3849 650 3895 uon
665 3827 854 3899 haberet,in
866 3840 951 3903 pane
961 3822 1029 3883 ser-

234 3943 389 4011 mentato,
416 3939 449 3998 et
472 3936 506 3994 in
533 3930 656 4009 scypho
685 3925 732 4007 (e)
761 3925 871 3999 ligneo
900 3920 1028 3983 astante

234 4039 355 4121 popule
386 4031 547 4095 solemnia
590 4025 758 4088 celebrare
800 4017 1025 4100 praesumpsit,

235 4215 1029 4372 littotlitureittelttttprtattt

235 4374 396 4436 Alexandro
416 4373 466 4438 ΙΙΙ,
489 4367 582 4426 adbuc
604 4364 697 4448 iuerat
712 4302 976 4445 archrepiseopaflm
993 4354 1029 4412 ab

236 4452 299 4523 ipso
314 4447 389 4504 euim
413 4439 576 4500 Alexandro
595 4443 675 4492 uerte
690 4433 743 4490 lau
765 4433 920 4502 Sipontina
935 4427 1026 4485 eccle·

236 4523 296 4583 siae,
314 4523 428 4575 anctore
453 4512 498 4570 Sci
512 4512 585 4566 tione
606 4505 750 4571 mazzella,
766 4510 794 4559 et
814 4501 909 4557 forsan
922 4500 950 4554 in
966 4512 1026 4579 me·

237 4592 356 4651 moriam
371 4598 484 4659 utroque
502 4528 590 4654 iarius
602 4577 715 4635 unionis
738 4571 970 4652 archiepiscopus
985 4570 1027 4626 Sr-

238 4662 371 4737 poatinus
387 4655 518 4713 visitabat
533 4650 684 4708 ecclesiam
700 4647 727 4703 S.
742 4642 925 4714 Archangeli.
986 4710 991 4721 Ι

274 4733 313 4807 (b)
326 4727 541 4797 arciepiscopo
567 4718 724 4791 upsalensi.
757 4714 898 4783 tipstotm,
915 4709 1026 4767 erebre-

238 4807 401 4877 piscopetus
439 4795 549 4855 Sueoiae
581 4790 617 4845 ab
653 4786 785 4859 Eugeuio
820 4785 859 4840 ΙΙΙ
895 4789 1027 4846 erectae,

238 4889 314 4933 anuo
344 4870 422 4935 tlte,
444 4871 559 4922 auctore
579 4859 717 4924 Beroni03
739 4854 774 4912 ab
789 4851 949 4909 Alexandro
963 4865 1030 4907 rere

238 4949 289 5013 ΙΙΙ,
302 4950 333 4999 ut
348 4938 433 4996 relect
446 4939 529 4994 ioan.
539 4934 672 5003 linguas,
689 4925 920 4995 archiepiscopus
937 4924 1028 4994 lipsa-

237 5014 336 5073 leusis.
353 5011 381 5066 iu
396 5005 543 5086 Metropoli
561 5000 656 5127 UKW'
700 5067 707 5080 υ
923 5063 928 5075 .

275 5082 313 5159 (c)
329 5084 369 5139 Dc
383 5094 467 5149 apua.
492 5076 562 5144 Qum
601 5086 625 5127 ae
646 5080 780 5141 regiones
794 5063 1031 5135 septentrionales

239 5159 306 5214 rino
329 5156 438 5215 carent,
458 5155 486 5204 et
506 5146 688 5216 importatum
711 5138 740 5193 vi
762 5135 875 5208 trigoris
896 5135 1031 5190 contiuuo

240 5225 362 5286 acescit:
386 5236 446 5292 aaa
458 5232 503 5275 res
523 5227 655 5284 ntrrpuom
683 5208 836 5279 aliquando
849 5204 1031 5277 Pontificibus

237 5296 374 5358 Romania
397 5288 511 5361 inoperati
534 5298 644 5347 curant,
665 5285 697 5336 ut
721 5279 825 5335 diuina
842 5277 939 5358 liertiae
960 5290 1031 5344 pars

238 5376 359 5439 atraque
373 5362 553 5425 retineretur,
566 5353 799 5426 perficereturque
815 5347 978 5428 oppidatim,
993 5346 1031 5428 ait

241 5442 367 5499 Mariana
380 5431 479 5489 deret.
496 5429 627 5496 Hispan,
644 5422 693 5479 tib.
705 5423 740 5487 V,
756 5434 819 5546 eegr.
833 5420 858 5473 Ι.
878 5419 913 5473 Et
926 5416 954 5472 tu
968 5432 1028 5487 qur·

240 5512 306 5569 dem
321 5522 378 5565 nou
393 5500 551 5560 inciderant
564 5497 591 5552 in
603 5492 735 5551 baeresim
744 5492 787 5563 ily
809 5493 1030 5560 reparastarum,

240 5582 288 5653 uui
312 5579 372 5636 sola
394 5588 467 5646 aqtta
491 5572 520 5628 iu
546 5582 628 5625 sacro
643 5562 782 5622 sacrificio
797 5560 957 5625 utebantur,
970 5565 1032 5615 ute

240 5648 383 5711 contrarie
399 5643 524 5703 Aruienii
541 5639 567 5696 id
583 5653 632 5711 per
645 5636 736 5694 solam
754 5633 850 5689 viuum
867 5629 1029 5686 iaciebant:

241 5731 392 5791 ulceraque
406 5714 611 5773 ccrudcmnatur
632 5709 659 5764 in
684 5720 747 5763 can.
766 5704 811 5769 ii,
827 5699 927 5774 synodi
949 5701 976 5767 6,
1003 5701 1029 5755 in

1071 1366 1179 1427 sancti
1203 1368 1302 1428 Lucae
1331 1367 1520 1444 praepositis
1553 1367 1742 1428 Brixiensis
1776 1366 1869 1428 dele-

1071 1464 1174 1540 garit,
1187 1464 1244 1542 qui
1258 1464 1300 1525 ad
1317 1462 1514 1526 beneficium
1533 1465 1755 1527 restituerunt
1771 1481 1868 1525 eum·

1072 1560 1162 1637 dem3
1193 1561 1312 1624 deinde
1340 1579 1419 1626 rere
1453 1578 1609 1624 reversus
1641 1562 1682 1623 de
1718 1562 1868 1641 partibus

1071 1660 1316 1732 transmarinis,
1330 1660 1498 1723 intellecto
1522 1661 1608 1739 quod
1623 1660 1788 1738 praedicta
1811 1677 1868 1722 ec·

1073 1758 1173 1819 etesia
1185 1774 1245 1836 per
1258 1759 1420 1821 malitiam
1436 1758 1515 1821 dicti
1535 1758 1685 1834 magistri
1701 1759 1869 1835 multipli-

1074 1856 1156 1916 citer
1174 1855 1368 1929 laedebatur,
1387 1857 1613 1934 inquisitionis
1639 1855 1790 1918 osticium
1810 1857 1871 1919 ite-

1074 1969 1152 2014 rans
1168 1969 1210 2014 ex
1225 1956 1297 2031 ejus
1312 1953 1575 2015 confessionibus
1594 1953 1767 2025 invenisti,
1785 1954 1868 2030 quod

1075 2050 1161 2112 idem
1177 2048 1222 2130 (s)
1239 2052 1311 2113 sine
1326 2051 1402 2127 igne
1423 2053 1456 2113 et
1476 2067 1564 2131 aqua
1580 2052 1774 2112 sacrificare
1784 2067 1870 2129 prae-

1076 2149 1230 2225 sumpsit;
1252 2165 1354 2227 quare
1377 2149 1511 2227 quidde
1533 2150 1605 2227 ipso
1633 2149 1804 2225 agendum
1830 2150 1871 2209 sit

1077 2249 1188 2308 nostro
1197 2247 1308 2323 petisti
1326 2247 1457 2309 edoceri
1465 2263 1636 2324 responso.
1651 2248 1761 2319 Quum
1772 2246 1873 2322 igitur

1076 2344 1128 2406 rel
1150 2346 1320 2421 exaperta
1347 2345 1485 2417 malitia,
1511 2345 1564 2406 rel
1584 2360 1627 2406 ex
1654 2344 1763 2405 nimia
1785 2344 1873 2404 desi-

1077 2441 1201 2518 pientia
1212 2457 1366 2519 peccasse
1380 2442 1549 2520 probetur,
1565 2440 1587 2501 i.
1601 2442 1624 2502 t.
1640 2457 1683 2501 m.
1696 2442 1869 2518 quatenus,

1077 2540 1106 2600 si
1131 2539 1313 2617 praemissis
1338 2541 1461 2602 veritas
1485 2540 1690 2616 suffragatur
1711 2538 1826 2600 officio
1839 2541 1871 2598 et

1077 2637 1332 2710 beneficiosub.
1358 2654 1433 2716 app.
1452 2637 1548 2711 obst,
1576 2639 1736 2715 perpetuo
1766 2637 1872 2714 ipsum

1078 2752 1199 2814 prives.

1249 2990 1416 3065 Episcopo
1431 2988 1630 3051 Partaicasi
1638 2987 1703 3069 (g).

1365 3188 1502 3248 CAPUT
1522 3187 1593 3248 VII.

1121 3330 1194 3389 Non
1221 3328 1340 3390 debent
1364 3330 1582 3391 ecclesiarum
1605 3327 1735 3405 praelati
1757 3328 1874 3405 quibus

1081 3426 1276 3502 religionem
1291 3425 1442 3502 plantare
1463 3425 1617 3487 convenit
1632 3426 1665 3486 et
1683 3424 1811 3498 terere,
1826 3426 1875 3485 ri·

1081 3539 1136 3585 ros
1163 3522 1339 3599 religiosos
1365 3524 1530 3601 persequi,
1555 3521 1589 3584 et
1607 3538 1665 3584 eos
1689 3538 1794 3599 super
1825 3522 1875 3582 bis

1082 3622 1237 3695 manime,
1250 3637 1322 3698 quae
1337 3620 1379 3681 ad
1394 3621 1543 3681 divinum
1557 3620 1681 3681 cultum
1695 3620 1873 3697 pertinent,

1082 3719 1228 3781 ebriare.
1259 3719 1455 3795 Accepimus
1492 3734 1575 3779 sane
1596 3718 1874 3794 conquerentibus

1082 3818 1211 3879 dilectis
1235 3815 1313 3876 tiliis
1333 3815 1495 3877 ministris
1509 3815 1637 3877 ordinis
1649 3813 1793 3876 fratrum
1815 3815 1876 3876 ltdi-

1083 3932 1200 3977 norem
1214 3913 1376 3986 Franciae,
1397 3912 1483 3990 quod
1505 3912 1638 3990 quidam
1662 3912 1874 3988 praelatorum

1082 4013 1229 4090 regionis
1243 4011 1334 4099 illius
1347 4011 1521 4072 occasione
1537 4009 1792 4087 privilegiorum
1805 4024 1874 4087 quae

1083 4208 1187 4266 lrullo.
1202 4210 1236 4265 Et
1249 4205 1346 4263 forsan
1364 4204 1510 4277 presbyter
1533 4205 1560 4262 S.
1577 4203 1701 4277 Brigidte
1720 4203 1875 4262 brixiensis

1083 4281 1112 4407 {a
1134 4293 1197 4351 cap.
1213 4292 1274 4350 seq.
1291 4277 1409 4333 heresis
1429 4276 1630 4333 Armeniorum
1651 4282 1804 4347 suspectas
1824 4274 1873 4330 ba·

1103 4356 1175 4548 eid}
1183 4420 1320 4490 Episcopo
1332 4417 1486 4473 Briaieusi.
1508 4415 1649 4481 bertoldo,
1667 4416 1715 4487 qui
1738 4416 1821 4472 testis
1834 4419 1875 4471 est

1084 4506 1139 4564 epu
1175 4489 1303 4549 aeneum
1328 4489 1483 4545 litterarum
1500 4485 1634 4544 Friderici
1655 4489 1682 4544 ll
1701 4486 1873 4543 conflrman-

1085 4565 1153 4620 tium
1170 4560 1317 4634 privilegia
1333 4558 1462 4616 ecclesiae
1470 4557 1653 4617 Ravennatis.

1120 4632 1157 4705 (e)
1173 4631 1279 4703 Scaptio
1290 4630 1389 4698 lippo.
1406 4632 1459 4687 Per
1473 4627 1614 4712 scyphum
1624 4627 1762 4699 iutelligit
1780 4629 1872 4684 lloue·

1084 4705 1143 4761 rius
1157 4703 1287 4771 calicem,
1300 4699 1398 4772 dequo
1413 4715 1490 4772 supr.
1503 4714 1531 4755 m
1546 4713 1578 4755 ca
1602 4696 1646 4766 ,2,
1657 4699 1691 4754 de
1703 4702 1839 4763 consul„
1849 4702 1876 4751 et
1961 4686 1962 4761 ξ

1084 4775 1172 4847 uulgo
1194 4771 1268 4846 apud
1291 4773 1425 4829 anastas.
1450 4771 1545 4826 devii.
1595 4769 1678 4839 eatis.
1694 4768 1748 4835 Qui
1764 4767 1876 4840 quidem
1961 4772 1962 4823 Ξ

1084 4844 1188 4903 calixti
1211 4858 1283 4900 neus
1296 4842 1355 4914 jam
1377 4841 1540 4899 exoleverat
1560 4839 1648 4897 variis
1665 4837 1874 4896 constitutioni·

1084 4917 1147 4985 bus,
1159 4859 1257 4972 aliato
1269 4917 1399 4979 iterant,
1416 4912 1463 4968 lib.
1472 4912 1506 4967 de
1514 4911 1604 4992 ritib,
1616 4911 1743 4982 exponit.
1753 4910 1876 4969 vetitam

1085 4988 1161 5045 enim
1181 4998 1350 5042 consecrare
1366 4984 1470 5040 calices
1491 4980 1656 5055 hupusmodi
1675 4995 1762 5052 qaum
1787 4978 1875 5036 chru-

1085 5057 1170 5115 matis
1185 5057 1280 5113 unctio
1293 5053 1459 5111 adhibeatur
1469 5051 1547 5125 juxta
1556 5051 1691 5109 Ordinem
1707 5053 1876 5114 Romanum,

1086 5144 1173 5201 quarm
1187 5134 1284 5183 tamen
1305 5125 1373 5182 olim
1402 5124 1462 5180 sola
1482 5121 1681 5179 benedictione
1695 5121 1723 5178 id
1740 5121 1832 5191 fleret,
1849 5126 1877 5175 ut

1085 5204 1168 5257 docet
1187 5201 1220 5255 D.
1232 5196 1387 5269 Gregorius
1402 5195 1467 5251 libr.
1488 5196 1672 5260 sacrament,
1682 5199 1710 5249 et
1724 5193 1808 5265 epist.
1825 5194 1874 5249 Fe·

1086 5271 1148 5328 licis
1161 5268 1235 5396 apud
1246 5265 1401 5334 burchard,
1416 5264 1464 5322 lib.
1481 5267 1532 5333 ΙΙΙ,
1544 5279 1607 5335 cap.
1619 5263 1664 5320 te.

1122 5340 1159 5411 (s)
1193 5342 1236 5396 iae
1255 5340 1326 5408 ipae.
1351 5340 1384 5394 lu
1399 5336 1520 5393 concilio
1533 5336 1685 5391 Tarracon.
1699 5348 1706 5388 :
1720 5333 1877 5391 Sacerdotes

1085 5416 1214 5469 saucium
1226 5410 1318 5467 Missa
1332 5407 1505 5479 sacrificium
1519 5405 1694 5462 siueduabus
1705 5404 1831 5459 contactis
1841 5417 1877 5458 ce

1085 5483 1143 5539 reis
1157 5481 1325 5547 trecensium
1339 5479 1370 5534 in
1384 5483 1504 5548 utraque
1513 5474 1811 5544 aitarispartepasitis
1824 5488 1878 5528 ιιοιι

1086 5555 1232 5624 pcrapaut.
1245 5550 1371 5621 Qualiter
1383 5549 1516 5621 puniatur
1530 5544 1805 5604 clericuseelebrans
1816 5545 1878 5599 sine

1086 5623 1204 5690 lumine,
1218 5619 1330 5678 Ceueda
1346 5618 1381 5676 ad
1396 5617 1536 5676 Decretal.
1552 5617 1646 5673 collat.
1661 5615 1708 5680 tt,
1724 5630 1804 5672 uum.
1815 5615 1841 5671 2.

1128 5696 1166 5767 (g)
1181 5694 1317 5767 Episcopo
1339 5690 1505 5773 Purisieost.
1530 5687 1729 5755 Gallicanon,
1746 5685 1782 5743 de
1805 5684 1875 5742 Sali-

241 5854 335 5935 tor
418 5872 712 5945 tus-‘saio
760 5859 975 5939 seguiter
1031 5869 1123 5915 ouo
