3980 6198
845 249 1022 315 nemean
1045 251 1089 313 111
1111 252 1260 320 opsiti..

467 419 679 510 TITULUS
716 420 787 509 XV

285 592 354 651 ,bx
376 588 517 645 armore,
541 588 584 635 ar
603 587 795 636 Porusmru
816 588 944 636 euntem

502 668 668 715 aenaeam
691 654 744 726 (Ι).

227 773 491 846 Arenieptscopo
512 764 586 846 (2),
609 770 762 841 Decurre,
785 769 820 829 ct
843 768 1026 831 Arcltidto-

425 878 514 924 corto
536 860 585 942 (a)
596 864 788 924 Bituricae.

536 1034 672 1093 CAPUT
693 1034 718 1095 Ι.

266 1184 319 1249 Ex
328 1185 422 1264 parte
432 1183 636 1245 charissimae
647 1183 681 1243 in
693 1172 822 1243 Cbr'isto
835 1179 932 1260 uliae(
952 1182 1021 1262 )B.,

224 1284 394 1363 'quondam
406 1280 587 1355 Anglorum
598 1280 734 1355 reginae,
747 1278 809 1340 suit
819 1279 1022 1357 propositum

229 1397 341 1444 ceram
357 1378 462 1449 nobie,
475 1377 561 1455 quod
576 1392 650 1437 cum
666 1374 712 1455 (c)
723 1375 844 1436 nobilis
856 1377 909 1436 vir
917 1378 971 1436 W.
983 1376 1023 1437 do

225 1478 394 1540 Guercbia
409 1475 594 1535 Nanneten.
610 1473 735 1536 Redon.
751 1474 785 1534 et
797 1472 922 1549 andeg.
939 1472 1024 1534 dioe-

230 1576 327 1646 cesis,
343 1575 449 1650 ipsam
470 1569 518 1651 (d)
530 1571 639 1633 castro
654 1571 695 1632 de
711 1574 857 1649 Segrejo,
882 1571 925 1632 ad
949 1586 1022 1632 eam

228 1671 276 1753 (a)
292 1672 421 1733 ratione
436 1670 489 1730 sui
503 1668 645 1730 dotalitii
666 1670 862 1745 pertinente,
878 1684 1022 1746 prosuae

227 1768 408 1832 voluntatis
432 1765 569 1827 arbitrio
591 1766 752 1842 spoliarit,
774 1767 808 1827 et
829 1767 903 1843 ipsa
924 1783 1023 1843 super

227 1867 292 1929 boc
310 1866 425 1927 contra
439 1878 527 1933 eum,
544 1877 564 1922 a
583 1861 678 1923 bonae
692 1862 860 1923 memoriae
876 1864 901 1922 Ι.
918 1865 1020 1939 Papa,

227 1962 472 2042 praedecessore
484 1960 608 2031 nostro,
630 1959 670 2019 ad
685 1976 745 2020 nos
765 1958 892 2020 litteras
911 1959 1021 2036 impe-

226 2060 342 2132 traret,
359 2058 437 2135 quia
452 2073 529 2134 pars
544 2057 683 2117 adversa
698 2056 872 2134 postulatis
891 2056 1021 2118 anobis

225 2156 370 2219 induciis
394 2154 638 2215 deliberatoriis
657 2154 690 2214 et
708 2153 860 2225 obtentis,
877 2154 1023 2231 rescrip-

225 2256 295 2317 tum
309 2252 544 2330 Apostolicum,
562 2267 621 2327 pro
641 2266 680 2311 eo
702 2250 788 2327 quod
811 2251 847 2312 in
868 2251 931 2313 bac
951 2251 1022 2313 dic-

224 2352 327 2422 tione,
344 2348 505 2428 spoliarit,
520 2348 592 2408 baec
604 2348 722 2423 figura,
737 2350 774 2419 0,
789 2348 913 2421 deerat,
928 2365 1022 2411 asse-

225 2450 294 2510 ruit
307 2448 478 2521 vitiosum3
501 2461 688 2523 proponens
702 2446 919 2508 nihilominus
934 2448 1020 2525 quod

225 2545 416 2608 mandatum
431 2542 622 2621 hujusmodi
641 2543 870 2620 exspiraverat
890 2547 1019 2606 mortuo

225 2643 429 2713 mandatore,
441 2640 519 2702 licet
526 2642 597 2717 jam
610 2656 630 2700 a
646 2639 739 2700 nobis
753 2641 822 2701 tres
832 2641 1017 2715 citationes,

223 2739 277 2802 vel
300 2740 441 2817 quatuor
464 2737 692 2798 emanassent:
729 2753 788 2798 vos
811 2739 933 2811 tamen,
954 2740 1018 2799 ad-

224 2837 336 2898 missis
351 2834 540 2913 hujusmodi
557 2834 806 2911 exceptionibus
827 2834 966 2909 frivolis
983 2837 1018 2898 in

223 2934 297 3012 ipso
312 2933 442 3008 negotio
456 2931 633 3009 procedere
647 2930 833 2992 distulistis.
848 2934 917 2994 Nos
939 2950 1018 3010 ergo

224 3028 265 3092 de
284 3029 482 3091 discretione
505 3029 616 3090 restra
634 3044 701 3090 non
722 3029 886 3091 modicum
908 3030 1017 3091 admi-

287 3180 298 3249 Ι
317 3181 355 3239 Ge
372 3181 437 3237 titre
451 3178 542 3237 forme
556 3178 583 3236 le
599 3179 645 3236 ll⁰
663 3179 698 3237 de
719 3177 746 3236 la
761 3176 926 3251 compilatio
944 3180 975 3237 Ι·
988 3190 1017 3238 et

220 3251 249 3309 le
259 3181 312 3309 &9⁸
326 3251 377 3308 des
390 3247 553 3308 Decretaies
566 3249 787 3323 Gregoriennes.

255 3323 297 3393 (Ι)
318 3324 349 3379 ln
365 3323 408 3391 Ap
428 3322 522 3377 cadica
536 3322 573 3376 ad
587 3322 685 3388 Notas,
695 3322 824 3380 Cironius
834 3320 919 3405 hujus
929 3323 1011 3381 Gom·

218 3393 395 3519 gitationise
417 3393 479 3458 iter,
494 3406 530 3448 ex
543 3392 621 3449 llss.
634 3391 763 3463 registris
777 3394 895 3448 Honorri
910 3396 949 3450 ΙΙΙ
963 3392 1012 3449 ed·

239 3462 291 3519 idit
306 3478 313 3518 :
329 3462 535 3532 arctnpirropo
560 3462 797 3528 lamoensium
820 3463 1010 3520 Biturtrenst:

216 3534 263 3591 sic
278 3534 304 3589 in
320 3532 409 3590 tribus
423 3532 550 3604 epistolis
565 3534 605 3588 lie
630 3532 688 3587 istri
706 3532 823 3589 lionorii
842 3535 892 3601 ΙΙΙ,
911 3532 971 3590 ΙΙΙ).
989 3535 1011 3602 Ι,

220 3618 305 3675 super
318 3602 373 3660 boc
382 3603 499 3675 negotio
509 3600 593 3658 datis.
603 3547 649 3657 gie
658 3602 841 3658 consumatur
851 3602 1013 3686 emendatio

216 3688 256 3730 ex
270 3673 440 3799 conkccturis
456 3673 491 3728 ab
506 3672 552 3728 illo
568 3670 640 3727 iacta
657 3673 684 3727 in
701 3678 765 3727 nota
782 3681 921 3744 sequenti.

256 3743 296 3813 (a)
343 3743 498 3799 turicensi,
520 3742 669 3811 inscriptio
681 3741 765 3815 hujus
777 3742 878 3814 capitis
891 3744 918 3800 in
932 3740 1009 3802 MSS.

219 3821 274 3883 est;
288 3811 512 3884 archiepiscopo,
526 3810 648 3880 decano,
658 3811 895 3869 etarcbidiacono
908 3814 1009 3871 Bituri-

218 3884 308 3952 ccnsi,
325 3884 422 3939 male:
445 3882 474 3936 in
491 3881 656 3937 collectione
673 3882 832 3947 lisimundi,
852 3883 1010 3957 archiepis·

214 3968 300 4026 copo,
323 3956 446 4019 becario,
464 3958 493 4008 et
507 3950 715 4009 archidiacono
729 3954 898 4022 turonensi,
914 3962 1008 4013 recte:

238 4031 314 4080 artes
338 4024 414 4081 enim
438 4021 473 4078 de
493 4022 628 4093 quibusa
654 4023 708 4079 itur
729 4024 757 4079 in
774 4023 828 4082 boc
847 4040 910 4099 cap.
930 4036 1011 4085 erant

216 4040 350 4152 Hioecesis
371 4093 558 4161 Redonensis,
582 4037 808 4166 andegavensis,
835 4097 880 4153 vel
906 4097 1008 4155 Coeno·

216 4166 372 4231 mancosis,
387 4178 451 4235 que
464 4177 564 4219 omnes
578 4173 643 4221 sunt
659 4164 710 4222 sub
723 4164 937 4240 archiepiscopo
952 4171 1007 4226 Tu·

217 4235 342 4300 ronerrsi,
370 4243 398 4291 et
424 4232 684 4306 archiepiscopatus
711 4236 895 4295 bituricensis
923 4238 1009 4312 longe

215 4304 303 4362 distat
316 4304 352 4361 ab
369 4303 413 4361 bis
428 4303 607 4362 dioecesibus.
628 4307 715 4362 Porro
729 4314 797 4364 toric
810 4310 947 4381 temporis
960 4326 1006 4366 se·

215 4375 302 4432 debat
315 4376 343 4432 in
363 4373 496 4434 cathedra
511 4377 668 4433 turonensi
682 4379 818 4447 ioannes,
833 4394 923 4451 nepos
945 4381 1009 4436 Bar·

100 4479 102 4483 -
215 4446 359 4504 tbolomaei
385 4446 600 4518 archiepisopi,
622 4448 790 4520 deFopert,
814 4449 861 4519 qui
888 4450 1007 4507 Polliam

216 4531 284 4575 acce
306 4518 325 4574 it
340 4516 376 4574 ab
391 4463 617 4599 tonocenrteffli,
629 4532 679 4590 per
689 4533 791 4576 manus
801 4516 937 4577 Gallionis
948 4536 1008 4576 car-

215 4533 318 4645 dinalis
329 4589 356 4645 S.
365 4589 460 4645 llariae
473 4588 500 4643 in
510 4589 631 4645 Portica.
641 4588 791 4645 Ducbesne
802 4590 829 4644 in
842 4591 938 4648 [nnec.
950 4592 1005 4660 ΙΙΙ,

216 4666 244 4715 et
258 4657 310 4714 luit
328 4658 405 4715 Lxx
428 4657 669 4729 archiepiscopus,
685 4659 728 4714 vel
753 4658 866 4725 ivellus,
882 4675 934 4716 seu
954 4664 1003 4719 iu·

214 4726 306 4786 bellus
325 4729 358 4784 dc
380 4728 532 4798 Mateseton
561 4743 719 4797 successor,
740 4729 829 4787 LXXI
849 4729 1003 4803 archiepis-

213 4813 341 4942 mageb·
366 4867 533 4949 Quondam.¹
548 4864 739 4940 berengaria,
765 4866 809 4925 vei
835 4869 1005 4963 Berengerae

214 4939 279 4996 tiliae
301 4939 395 4996 Sancii
414 4944 561 5008 sullicitis,
577 4951 633 4992 non
656 4939 762 4995 Garsire
787 4939 829 5010 (ut
844 4940 903 4997 vult
921 4938 1003 5013 tuia-

212 5010 321 5079 ciusiet
336 5008 442 5065 sororis
450 5007 544 5063 Sancii
557 5007 665 5071 inclusi,
674 5023 774 5081 regum
782 5012 925 5069 Navarrae.
934 5014 1004 5071 Eam

214 5078 372 5138 liicbardns
385 5078 502 5149 primus,
513 5077 624 5134 invitae
638 5093 698 5143 rex,
712 5094 828 5137 uxorem
844 5080 963 5141 duxerat
975 5084 1003 5140 in

212 5150 304 5207 insula
327 5148 420 5230 Cypri,
437 5161 512 5202 antro
524 5118 601 5229 ΙΙῧΙ,
618 5149 722 5220 rejecta
737 5150 835 5213 Adela.
852 5168 949 5211 sorore
964 5170 1006 5211 re·

211 5222 260 5295 gis
275 5222 411 5285 Francia,
425 5232 510 5300 qrrnm
526 5227 639 5300 vivente
654 5230 733 5291 patre
750 5220 873 5280 ilenrico
890 5227 915 5282 ll
937 5223 1002 5282 des·

232 5296 393 5348 onsaverat.
410 5286 482 5345 Vide
497 5288 675 5346 Gurllelmunr
696 5292 800 5351 Neubri
825 5308 923 5351 ensem
941 5294 1002 5354 Lib.

213 5308 261 5429 fv,
278 5374 340 5432 cap.
359 5358 402 5425 Ι9,
424 5365 452 5414 et
474 5358 534 5414 Lib.
552 5361 586 5427 V,
603 5374 665 5433 cap.
682 5361 707 5430 Ι,
724 5365 757 5419 tte
770 5308 851 5419 regas
872 5366 982 5437 Amplior
990 5384 1002 5435 ;

212 5434 357 5504 Rogerum
380 5429 414 5485 de
429 5428 564 5486 iloveden
584 5431 689 5488 Annei.
700 5439 778 5503 port.
792 5439 865 5505 port.
879 5436 932 5493 sub
956 5438 1001 5494 lli-

116 5554 119 5563 ,
212 5501 319 5559 ebardo
330 5515 409 5571 rege,
421 5506 450 5556 et
461 5500 599 5557 Marinum
612 5502 749 5561 Saunium
765 5506 795 5562 Ι..
810 5508 860 5563 ΙΙΙ.
870 5514 1000 5566 sacrator.

210 5574 285 5646 fidel.
301 5571 411 5639 draca,
427 5578 506 5643 parte
519 5573 557 5640 Χ,
570 5587 632 5645 cap.
646 5574 671 5631 Ι.

1821 266 1878 331 160

1079 418 1203 493 rantes,
1220 433 1320 495 quum
1332 433 1392 496 per
1403 419 1624 496 praecedentia
1643 420 1744 487 etiam
1759 426 1877 491 subse-

1080 516 1215 593 quentia
1229 515 1468 593 intelligantur,
1484 517 1562 581 licet
1576 536 1619 581 ex
1633 523 1807 600 scriptoris
1820 529 1874 587 vi-

1078 613 1137 684 tio,
1163 614 1215 675 vel
1243 616 1458 691 occupatione
1484 617 1689 694 praedictum,
1715 622 1753 693 0,
1776 622 1876 689 suerit

1079 711 1249 783 omissum,
1261 712 1342 773 satis
1354 713 1447 774 vobis
1457 716 1602 791 potuerit
1616 717 1655 779 de
1668 719 1874 785 mandatoris

1078 807 1261 870 intentione
1280 811 1444 883 constare,
1462 829 1522 872 nec
1537 816 1609 890 ejus
1624 816 1818 880 mandatum
1839 823 1873 884 iu

1078 904 1183 983 ipsius
1196 906 1286 968 obitu
1301 909 1539 985 exspiraverat,
1556 927 1596 972 eo
1611 913 1697 990 quod
1713 930 1768 976 res
1783 917 1872 980 iate-

1078 1005 1215 1080 grajam
1226 1021 1292 1066 non
1307 1007 1394 1080 erat3
1412 1022 1451 1068 ac
1461 1008 1608 1070 volentes
1620 1010 1656 1070 ut
1668 1010 1744 1072 finis
1759 1013 1873 1078 litibus

1077 1101 1276 1176 imponatur,
1293 1102 1374 1164 disc.
1388 1121 1419 1164 v.
1431 1121 1463 1181 p.
1475 1120 1542 1166 as,
1554 1121 1597 1167 m.
1617 1108 1793 1184 quatenus,
1809 1129 1871 1174 ex-

1078 1199 1228 1275 ceptione
1238 1199 1426 1277 bujusmodi
1437 1218 1503 1264 non
1514 1202 1674 1276 obstante,
1687 1205 1722 1267 in
1739 1211 1872 1285 negotio

1077 1294 1149 1371 ipso
1160 1296 1258 1371 Juxta
1268 1296 1415 1373 priorum
1424 1298 1659 1360 continentiam
1671 1301 1870 1379 litterarum,

1078 1391 1206 1454 sublata
1235 1392 1410 1471 cujuslibet
1439 1396 1714 1473 contradictione,
1740 1402 1775 1464 et
1795 1419 1869 1482 app.

1078 1489 1173 1563 obst,
1191 1490 1320 1552 ratione
1335 1492 1460 1568 praevia
1474 1494 1671 1571 procedatis.

1076 1690 1224 1750 Messes.
1240 1686 1292 1768 (s)
1312 1690 1346 1751 et
1361 1693 1501 1767 benten.
1518 1689 1568 1770 (p)
1588 1695 1869 1772 Arcnwpeeops.

1374 1872 1511 1936 CAPUT
1524 1874 1566 1934 11.

1114 2050 1263 2130 Rogatus
1280 2054 1359 2116 olim
1379 2052 1518 2130 avobis,
1542 2059 1575 2120 et
1593 2056 1628 2119 ff.
1651 2053 1776 2121 nostris
1792 2058 1871 2119 cba-

1075 2148 1217 2212 rissimis
1229 2152 1264 2212 in
1281 2153 1423 2225 Christo,
1444 2154 1489 2215 iil.
1503 2171 1535 2216 n.
1560 2155 1750 2217 Fridericus
1765 2171 1871 2218 roma·

1075 2263 1193 2309 norum
1214 2249 1404 2327 imperator,
1426 2252 1459 2313 et
1482 2268 1612 2330 semper
1634 2254 1816 2329 Angustus,
1839 2254 1870 2314 et

1074 2359 1136 2405 rex
1151 2345 1285 2419 Siciliae,
1302 2348 1338 2409 ut
1352 2349 1541 2410 restitueret
1554 2352 1636 2410 Ven.
1653 2349 1676 2410 s.
1693 2364 1726 2410 n.
1740 2350 1788 2424 (b)
1805 2352 1868 2411 Ce-

1075 2442 1211 2518 pbalud⁴
1228 2445 1418 2522 episcopum
1431 2462 1527 2523 quem
1545 2447 1747 2524 spoliaverat
1761 2446 1870 2509 eccle-

1075 2539 1137 2612 sia,
1154 2540 1187 2601 et
1199 2540 1275 2602 aliis
1290 2541 1385 2603 bonis
1398 2544 1479 2616 saie,
1494 2556 1530 2604 se
1540 2543 1574 2604 id
1590 2543 1694 2605 libere
1705 2544 1869 2606 iacturum

1074 2637 1150 2698 viva
1160 2654 1240 2699 voce
1250 2637 1420 2716 promisit:
1436 2640 1534 2712 unde,
1550 2642 1743 2718 perscripta
1756 2643 1869 2704 nostra

1074 2733 1155 2808 (Hic
1173 2738 1295 2809 incipit
1313 2741 1375 2798 boo
1392 2752 1467 2811 cap.
1488 2738 1525 2798 ta
1545 2740 1652 2799 ceter.
1677 2738 1774 2816 edit.)
1793 2756 1867 2801 ren.

1073 2830 1096 2891 Ι.
1113 2847 1145 2892 n.
1161 2833 1418 2911 archiepiscopo
1433 2836 1601 2897 Cusentin.
1626 2837 1750 2897 nostris
1775 2837 1870 2898 dedi-

1073 2944 1146 2988 mus
1165 2929 1284 2991 litteris
1306 2931 1341 2991 in
1364 2931 1528 2993 mandatis
1553 2932 1590 2994 ut
1608 2948 1683 2995 ven.
1707 2932 1729 2993 Ι.
1751 2950 1786 2994 n.
1808 2936 1869 2996 Ce-

1072 3024 1207 3103 phalud,
1229 3027 1418 3105 episcopum
1437 3029 1568 3090 restitui
1583 3029 1707 3091 laceret
1721 3029 1761 3090 ad
1779 3031 1869 3107 epis-

1108 3176 1148 3253 (ο)
1165 3173 1276 3235 Nobilis
1284 3179 1340 3237 eir.
1352 3180 1470 3237 Variani
1484 3181 1561 3238 MSS.
1574 3180 1692 3239 Codices
1704 3180 1732 3237 in
1748 3183 1866 3239 nominc

1070 3251 1155 3323 liujus
1166 3249 1280 3306 militis:
1301 3264 1375 3307 unus
1391 3250 1475 3307 babet
1485 3250 1531 3308 W.
1548 3251 1584 3307 de
1597 3250 1729 3319 Vercbia,
1743 3251 1865 3310 aliosde

1069 3324 1194 3390 Wantia,
1210 3319 1355 3377 tertiusde
1369 3321 1506 3390 Wircbia,
1525 3322 1619 3378 nullus
1639 3331 1725 3389 recte,
1741 3322 1862 3381 Vuillel·

1069 3409 1132 3450 mus
1144 3395 1180 3451 de
1195 3390 1327 3450 Guircbia
1341 3391 1506 3449 vocabatur.
1522 3393 1650 3464 Diploma
1667 3401 1775 3465 treuge
1790 3394 1864 3451 inter

1068 3465 1228 3537 Philippum
1240 3465 1278 3529 ΙΙ,
1294 3475 1392 3534 regem
1415 3464 1599 3529 Francorum,
1615 3470 1644 3518 ol
1657 3465 1799 3520 loannem
1815 3479 1863 3521 re·

1067 3550 1135 3608 gem
1146 3534 1268 3607 duplice,
1280 3546 1356 3588 anno
1368 3532 1436 3589 1206
1449 3533 1535 3601 initre,
1550 3534 1576 3588 in
1590 3532 1704 3590 historia
1717 3535 1859 3590 Norman-

1067 3620 1189 3663 norum:
1205 3606 1240 3660 ln
1249 3617 1365 3658 manum
1378 3604 1454 3672 cepit
1464 3618 1516 3659 rec
1525 3603 1664 3671 Francia,
1679 3604 1779 3676 inquit,
1789 3605 1862 3675 qaod

1070 3677 1237 3734 Vaitteimus
1248 3673 1281 3729 dc
1295 3673 1441 3742 (lutreiste,
1455 3677 1517 3740 ete,
1533 3674 1601 3755 qaia
1614 3675 1858 3745 treupomjrrran·

1065 3746 1130 3802 dom
1148 3762 1184 3803 ear
1192 3749 1275 3817 porte
1295 3748 1394 3799 nostro
1411 3744 1540 3814 requisiit
1559 3746 1686 3814 suarm,
1706 3760 1770 3800 cam
1782 3750 1858 3802 tene·

1065 3818 1268 3887 tertiisque
1288 3821 1400 3871 constat
1414 3813 1491 3870 illurn
1507 3813 1729 3871 infensissimum
1746 3813 1859 3873 bostem

1065 3885 1152 3944 inisse
1172 3885 1291 3944 ioannis
1315 3884 1393 3966 regis
1407 3886 1529 3956 Anglioe,
1550 3893 1578 3941 et
1596 3886 1724 3941 omnium
1746 3886 1857 3956 lingia-

1065 3973 1138 4015 rom.
1155 3959 1189 4015 Et
1204 3957 1232 4013 in
1255 3952 1372 4013 Pittacro
1395 3955 1514 4012 militum
1533 3956 1685 4013 Britannia
1706 3954 1858 4013 serentium
1979 3940 1980 3947 ἵ

1064 4022 1217 4085 bannerius
1231 4034 1359 4097 ternpore
1371 4025 1492 4098 Philippi
1509 4028 1535 4083 ΙΙ
1552 4026 1665 4096 ponitur
1685 4028 1858 4085 vuillelmus
1979 4086 1980 4091 ,

1065 4097 1100 4156 de
1115 4097 1263 4166 Guircbia3
1286 4103 1315 4153 ct
1337 4103 1462 4153 castrum
1487 4095 1592 4164 nobile,
1614 4098 1643 4151 io
1663 4097 1788 4153 Grrrrrte
1811 4096 1858 4153 cui
1979 4132 1980 4143 Ι

1063 4180 1116 4226 con
1141 4169 1195 4226 ruit
1210 4181 1315 4225 nomen
1338 4166 1422 4238 buius
1436 4166 1534 4223 militis
1555 4167 1583 4223 in
1605 4166 1681 4223 dicto
1703 4182 1795 4241 regno
1811 4167 1859 4223 ubi
1979 4166 1980 4199 Ι

1063 4239 1099 4296 de
1114 4183 1393 4302 dementarentur,
1415 4236 1508 4294 adbuc
1522 4244 1598 4293 extat
1617 4238 1646 4292 in
1666 4237 1783 4295 dioecesi
1800 4239 1855 4319 lie·

1062 4309 1201 4378 donensi3
1218 4309 1245 4365 in
1262 4323 1317 4380 quo
1338 4315 1382 4365 est
1396 4308 1514 4365 ecelesia
1534 4309 1695 4382 collegiata,
1723 4308 1758 4365 od
1773 4323 1856 4376 curus

1062 4380 1201 4437 decanum
1213 4378 1341 4435 rescribit
1352 4381 1487 4435 innocent
1496 4376 1546 4447 ΙΙΙ,
1557 4378 1616 4435 Lib.
1629 4381 1652 4449 Ι,
1663 4381 1689 4434 ΙΙ
1707 4379 1782 4436 istol.
1790 4380 1854 4435 310.

1098 4452 1140 4523 (d)
1157 4451 1257 4507 Castro
1274 4450 1308 4504 dc
1328 4451 1355 4505 S.
1378 4451 1439 4506 Duo
1461 4451 1537 4530 libs.
1559 4447 1665 4505 habent
1682 4394 1718 4506 (se
1739 4450 1853 4520 Sergio,

1061 4520 1203 4578 tertiusde
1214 4520 1330 4589 Seprrjo
1342 4526 1427 4575 recte.
1441 4518 1530 4575 liodre
1541 4534 1655 4591 quoque
1664 4519 1718 4575 boc
1728 4526 1855 4576 castrum

1062 4589 1225 4663 huiusmodi
1243 4604 1348 4646 nomen
1366 4590 1478 4657 retinet,
1496 4597 1524 4645 ct
1545 4597 1663 4645 vocatur
1679 4596 1804 4647 castrum
1819 4589 1856 4646 de

1060 4663 1142 4732 Sapra
1155 4665 1183 4718 in
1196 4660 1311 4717 dioecesi
1326 4656 1528 4731 andegavensi
1544 4656 1579 4715 ad
1598 4659 1709 4716 Ondum
1723 4660 1853 4716 aurium.

1097 4731 1134 4801 (ei
1158 4732 1276 4789 Ratione
1289 4731 1336 4786 snt
1353 4728 1486 4785 dotalitii.
1504 4730 1634 4812 lisgerus
1653 4729 1688 4786 dc
1703 4729 1852 4800 lloveden,

1060 4802 1112 4859 sub
1126 4804 1236 4859 ioanne
1251 4814 1330 4872 rege,
1345 4814 1421 4856 anno
1435 4799 1513 4881 ΙΙΙΙΙ,
1530 4809 1585 4870 art3
1600 4801 1721 4857 Ioannes
1732 4816 1786 4857 rex
1802 4816 1851 4857 se-

1059 4872 1204 4943 ttssaciens
1217 4872 1379 4939 Berenperoe
1396 4886 1508 4941 raptae.
1525 4871 1610 4926 uxori
1624 4871 1760 4927 llirburdi
1777 4872 1854 4942 repis

1058 4942 1164 5013 fratris
1179 4940 1236 5009 sni,
1251 4941 1284 4996 de
1296 4942 1357 4997 dote
1370 4956 1434 5010 ruo,
1453 4941 1528 4996 dedit
1550 4945 1575 4997 et
1596 4942 1628 4996 in
1646 4941 1705 4996 vite
1721 4956 1776 4996 aaa
1797 4941 1850 4997 aa·

1059 5014 1120 5069 bere
1136 5013 1224 5069 voluit
1246 5012 1385 5067 civitatem
1403 5012 1580 5079 bajocensem
1596 5026 1659 5067 cum
1670 5012 1853 5081 peritnentiis

1057 5084 1128 5148 sair,
1144 5088 1169 5139 et
1182 5084 1237 5139 dae
1251 5082 1373 5139 Castalio
1389 5097 1419 5136 m
1432 5082 1620 5151 Andnpaado.
1640 5080 1788 5138 Probabile
1808 5089 1853 5139 est

1058 5150 1579 5211 unumexistiscestristuissedlctum
1589 5152 1850 5223 castrumdeSepre.

1149 5222 1322 5281 baisonensi
1335 5222 1559 5293 Arabirpiscopo.
1583 5220 1707 5280 Berardo
1732 5223 1851 5281 Hieron.

1058 5296 1099 5352 liu
1121 5310 1172 5351 eus
1187 5295 1215 5351 in
1226 5294 1342 5351 historia
1360 5295 1533 5350 lievennate.
1832 5319 1835 5325 ·

1056 5434 1074 5493 d
1093 5364 1506 5494 (qi3llllepirrtairiaisselltfflrjcgpo
1523 5360 1631 5432 Laudo,
1647 5360 1780 5421 familiari
1792 5366 1851 5422 Fri·

1075 5451 1142 5493 error
1205 5451 1231 5492 m
1375 5478 1381 5491 .
1475 5475 1480 5487 .

1092 5506 1134 5577 (bi
1151 5449 1394 5576 Cepnageuuemem.
1411 5502 1590 5576 Cephaloedis
1610 5504 1715 5562 Civitas
1732 5504 1848 5575 Sicilie,

1056 5577 1165 5650 discis,
1180 5575 1334 5648 episcopali
1346 5574 1415 5632 sede
1432 5588 1447 5631 a
1461 5575 1585 5648 Regerio
1599 5576 1635 5645 li,
1650 5589 1719 5648 rege
1732 5575 1847 5646 Sicilire,
