3936 6182
88 360 143 426 ola
745 362 800 425 DE
819 361 1016 427 ADVENTU
1039 363 1064 425 1.
1675 364 1735 428 611

124 519 273 584 Ecclesia
296 534 377 584 vero
404 519 483 586 iicet
505 520 669 586 sustineat
688 537 880 601 pressuras,
936 525 976 586 nt
995 523 1124 602 quarel
1144 522 1228 597 Quia
1251 536 1318 584 non
1342 536 1456 585 sumus
1479 521 1516 583 in
1536 520 1735 600 petrianae

88 617 254 695 angustias
270 619 304 680 et
316 619 558 693 tribulationes,
573 622 647 698 ipsa
660 622 773 684 tamen
789 638 882 683 sem·
937 622 997 692 est,
1012 625 1095 683 dcem
1110 624 1380 683 recordaremur
1397 621 1458 692 tui,
1474 622 1558 682 Sion
1575 620 1734 682 caelestis.

88 733 145 795 per
165 715 348 777 immobilis
371 720 573 795 perseverat.
605 720 698 781 Unde
723 720 882 782 Dominus
937 717 1052 798 (ibid.)
1414 780 1417 785 .

88 813 190 891 inquit
209 813 311 876 Petro
328 835 336 875 ε
353 819 402 876 f'u
421 831 458 878 es
477 819 608 879 Petrus
622 819 655 879 et
666 833 772 893 super
795 823 883 881 leuc
978 815 1155 876 Sciendum
1176 816 1227 878 est
1245 815 1323 893 quia
1339 814 1448 877 tribus
1468 815 1508 877 de
1530 814 1640 877 causis
1654 830 1737 877 ceu·

85 913 219 988 petram
250 914 425 985 oedtdcobo
455 918 645 978 Ecclesiam
679 931 814 989 meam,
849 915 882 978 et
935 913 1068 989 tingunt
1082 913 1194 975 omnia
1214 913 1309 989 signa
1325 935 1332 973 :
1347 912 1514 985 videlicet,
1533 913 1574 974 ad
1590 928 1737 975 commo-

84 1009 192 1083 portae
211 1011 333 1084 trefert,
349 1011 435 1072 idest
455 1010 621 1074 daemones
645 1014 677 1075 et
699 1013 806 1090 iniqui
821 1014 884 1074 luo·
937 1011 1096 1072 uitionem
1117 1010 1290 1082 bonorum,
1310 1010 1352 1071 ad
1373 1011 1535 1071 temeram
1559 1011 1734 1083 malorum,

88 1106 199 1179 mines,
233 1121 307 1169 uon
335 1111 573 1183 maeoaeouuc
604 1113 773 1172 adversus
805 1126 883 1173 eam
937 1108 979 1168 ad
992 1108 1215 1170 ostensionem
1228 1108 1416 1170 divinorum
1426 1107 1643 1183 judiciorum.

89 1202 410 1284 (Matth.xv1,18);
436 1204 572 1268 fundata
600 1207 689 1267 enim
713 1209 884 1285 estsuper
976 1205 1503 1273 Adcommonilionembonorum,
1513 1203 1590 1282 quia
1599 1204 1739 1282 quilibet

83 1301 210 1395 ‘firmam
229 1302 371 1379 petram.
389 1306 468 1381 Haec
482 1304 535 1365 est
552 1304 641 1365 enim
658 1305 811 1367 arcturus
825 1305 882 1383 qui
937 1303 1034 1366 eiecti
1048 1304 1198 1365 videntes
1218 1304 1314 1379 signa
1333 1304 1366 1363 et
1387 1302 1475 1363 mala
1490 1302 1590 1379 hujus
1607 1301 1734 1375 mundi,

88 1398 225 1459 solvitur
244 1400 279 1461 et
297 1416 466 1477 nunquam
489 1401 667 1478 mergitum
684 1405 790 1479 Tprus
810 1420 882 1481 quae
937 1401 1056 1471 debent
1070 1416 1281 1462 commonere
1296 1415 1332 1461 se
1346 1400 1437 1476 ipsos
1454 1401 1496 1461 ad
1513 1400 1736 1477 contemptum

90 1511 214 1572 semper
252 1497 404 1560 tunditur
435 1501 468 1560 et
499 1514 668 1576 nunquam
704 1499 880 1577 frangitur.
937 1499 1066 1572 saeculi,
1098 1500 1132 1560 et
1164 1513 1311 1560 amorem
1346 1497 1418 1558 Dei.
1456 1498 1559 1573 Signa
1594 1512 1738 1574 namque

89 1596 168 1655 Arca
201 1595 275 1655 Noe
302 1610 377 1672 quae
410 1596 540 1671 magnis
572 1597 704 1674 quidem
734 1597 884 1659 elevatur
936 1597 1089 1658 ruinaeet
1103 1595 1210 1673 plagae
1228 1596 1328 1673 hujus
1345 1595 1460 1655 mundi
1475 1593 1570 1672 quasi
1586 1595 1738 1672 quaedam

89 1690 253 1764 fluctibus,
285 1692 342 1754 sed
378 1708 445 1753 non
480 1691 683 1770 infringitur.
719 1695 882 1756 Navicula
936 1710 1035 1756 uoces
1050 1693 1311 1755 commonitoriae
1326 1693 1413 1762 sunt,
1429 1692 1624 1753 nevelimus
1640 1708 1739 1752 mun·

89 1789 173 1849 Petri
188 1805 263 1867 quae
280 1790 378 1851 undis
400 1792 558 1868 quatitur,
575 1791 633 1853 sed
648 1808 714 1853 non
728 1792 883 1853 infundi·
937 1792 1023 1853 dana
1038 1791 1180 1866 diligere
1195 1805 1268 1868 quae
1278 1789 1430 1851 videmus
1443 1789 1532 1849 stare
1544 1804 1612 1850 non
1627 1804 1736 1865 posse.

88 1887 148 1947 tur.
160 1887 287 1948 Tunica
298 1888 429 1949 Domini
439 1889 659 1962 inconsutilis,
672 1906 745 1966 quae
760 1890 882 1952 sortem
938 1888 1218 1965 Undeeregorius
1231 1908 1238 1946 :
1250 1886 1397 1948 camna
1408 1885 1626 1947 mundivoces
1632 1886 1738 1963 ipsius

89 1983 217 2060 quidem
235 1984 273 2045 in
292 2001 328 2046 se
350 1986 479 2062 recipit,
494 1985 551 2048 sed
571 2003 739 2065 nunqnam
755 1986 882 2048 scindi·
937 1987 1014 2048 sunt
1022 1986 1114 2064 ipsis,
1128 2000 1148 2046 a
1161 1984 1281 2064 quibus
1293 1983 1426 2046 amatur
1436 1983 1579 2043 mundus
1590 1998 1737 2044 amarus.

87 2082 146 2141 tur.
158 2081 219 2143 Vel
230 2098 407 2158 possumus
416 2084 464 2145 ita
474 2083 678 2160 distinguere
688 2085 724 2145 ut
734 2083 881 2146 Ecclesia
937 2085 975 2145 nt
989 2084 1071 2160 ipsae
1085 2083 1192 2145 ruinae
1212 2083 1286 2159 ejus
1304 2081 1455 2141 indicant
1469 2080 1555 2157 qnod
1576 2081 1738 2141 amandus

87 2177 214 2240 dicatur
226 2179 366 2255 pulchra
378 2180 415 2241 nt
429 2180 519 2252 luna,
534 2182 692 2258 qnantum
707 2181 748 2243 ad
761 2182 883 2244 statum
937 2181 1070 2242 nonest.
1084 2178 1402 2241 »Testeenimbeato
1409 2178 1569 2253 Gregorio
1582 2197 1589 2238 :
1602 2192 1740 2255 sequen·

85 2276 294 2351 praesentem,
306 2276 363 2337 ubi
377 2278 501 2354 patitur
513 2293 698 2354 pressuras,
712 2278 884 2353 angustias
937 2278 1021 2339 tium
1059 2292 1171 2338 rerum
1208 2275 1371 2336 certitudo
1404 2275 1455 2336 est
1494 2276 1737 2350 praeteritarum

84 2372 115 2433 et
128 2372 281 2434 maculas
294 2374 455 2446 veniales,
472 2374 571 2450 atque
585 2374 785 2436 mutationes
798 2375 886 2435 mul·-
938 2373 1100 2436 exhibitio
1117 2395 1125 2433 :
1147 2374 1251 2434 Porro
1275 2371 1452 2433 verborum
1477 2372 1660 2435 coeiestium
1682 2391 1741 2434 su·

83 2468 145 2543 tas,
173 2470 314 2547 propter
337 2471 423 2547 quod
445 2473 478 2532 et
497 2472 674 2549 Apostolus
693 2472 884 2534 exclamans
939 2488 1000 2550 per
1028 2470 1227 2549 pestilentiis
1253 2469 1367 2530 mundi
1395 2469 1480 2530 nulli
1506 2470 1613 2546 magis
1640 2488 1738 2549 quam

83 2566 129 2628 ait
151 2589 159 2626 ι
179 2569 313 2641 fretellae
331 2582 392 2643 eqo
414 2572 525 2639 bomo,
550 2572 627 2643 quis
649 2584 704 2631 me
732 2571 885 2632 liberabit
940 2586 1001 2630 nos
1016 2569 1118 2631 testes
1132 2584 1256 2640 sumus,
1274 2567 1310 2626 in
1332 2582 1413 2644 quos
1435 2567 1517 2628 tinas
1538 2568 1738 2629 saeculorum

85 2667 124 2725 alc
140 2666 430 2737 corporemortts
450 2668 552 2738 bedols
567 2664 675 2744 (Rom.
689 2682 749 2739 vn,
765 2664 830 2745 24).
847 2668 886 2729 nt
939 2667 1160 2728 devenerunt.
1193 2665 1229 2726 Si
1261 2663 1351 2725 enim
1379 2664 1511 2725 ruinam
1540 2665 1592 2725 sui
1621 2666 1738 2728 domus

87 2759 255 2837 Propheta
273 2781 281 2820 ε
296 2765 376 2823 Heu
396 2766 481 2823 alibi
504 2767 585 2836 qula
607 2764 774 2826 incolatus
786 2779 885 2826 meus
939 2764 1095 2840 quassata
1109 2762 1303 2834 minaretur,
1324 2761 1475 2839 quisquis
1494 2763 1530 2822 in
1551 2761 1612 2823 illa
1634 2763 1736 2824 babi-

88 2858 311 2934 proloupatus
324 2860 377 2921 cst
390 2875 412 2921 a
426 2875 501 2931 rua·
521 2861 673 2923 babttaot
690 2876 770 2923 cum
784 2864 883 2923 babi-
938 2859 1034 2931 arel,
1045 2858 1183 2936 fugerat,
1194 2860 1227 2921 et
1245 2859 1301 2936 qui
1325 2858 1466 2919 stantem
1486 2858 1660 2931 dilexerat,
1682 2876 1740 2921 re-

92 2956 240 3017 toottbus
267 2958 378 3018 cedar
400 2956 537 3036 (Psalm.
570 2959 639 3030 119,
659 2956 704 3036 5),
726 2958 811 3020 idest
833 2959 886 3020 te-
938 2958 1055 3019 cedere
1090 2957 1281 3035 quantotius
1316 2971 1337 3017 a
1371 2956 1509 3018 cadente
1550 2956 1737 3020 festinaret.

93 3052 210 3126 nebriS,
235 3052 294 3114 sed
318 3068 392 3114 cum
418 3054 529 3130 impiis
558 3055 657 3115 nimis
685 3054 748 3117 fuit
773 3055 885 3118 incola
939 3057 1197 3117 commonentur
1231 3054 1334 3129 igitur
1368 3053 1484 3124 electi,
1521 3052 1558 3114 ut
1589 3053 1739 3117 ridentes

94 3150 198 3211 anima
214 3165 299 3211 mea.
315 3150 356 3212 nt
369 3151 545 3228 Apostolus
560 3153 608 3214 ait
623 3174 630 3212 :
648 3155 766 3215 Omnis
780 3169 883 3217 crec-

94 3248 169 3310 tura
180 3250 376 3325 trcgcraiscit
390 3250 423 3310 ct
434 3252 592 3324 parturit
607 3248 716 3329 (Rom.
729 3267 803 3323 v111,
817 3250 883 3331 22),

95 3345 145 3405 sed
162 3346 252 3407 inter'
264 3346 407 3422 gemitus
423 3347 535 3408 tamen
551 3346 676 3409 fructus
690 3348 785 3408 bonae
801 3364 884 3425 ope-

95 3443 226 3504 rationis
241 3444 341 3520 parit.
359 3443 423 3505 Sed
438 3444 622 3506 consolatio
642 3445 730 3506 inter
746 3445 808 3506 bos
822 3461 886 3521 ge·

96 3540 197 3602 nitus.
234 3540 333 3602 Prius
371 3557 489 3602 causas
527 3542 669 3618 gemitus
701 3542 884 3616 rideamus,

97 3634 206 3700 deinde
219 3639 259 3700 ad
275 3639 536 3701 consolationem
550 3638 736 3702 redeamus.

131 3737 276 3807 Quatuor
295 3736 383 3797 enim
399 3738 476 3798 sunt
490 3753 600 3798 causae
622 3737 728 3799 nostri
749 3736 884 3799 doloris.

97 3831 219 3895 Flemus
257 3835 397 3913 propter
433 3835 588 3896 miserias
624 3835 724 3913 huJus
759 3836 884 3908 saeculi,

98 3934 220 4007 propter
234 3932 374 4010 peccata
388 3934 513 4005 nosue,
530 3932 664 4010 propter
678 3933 885 4011 compassio-

98 4040 165 4089 nem
186 4030 344 4107 proximi,
369 4031 503 4107 propter
526 4030 718 4093 dilationem
744 4031 884 4109 praemii.

99 4125 226 4203 Propter
239 4127 379 4206 peccata
396 4129 496 4190 tiebat
510 4129 566 4205 qui
585 4128 736 4191 dicebat:
751 4133 887 4192 Lavabo

96 4228 331 4302 persingulas
359 4226 475 4287 uoctes
506 4226 630 4288 lectum
659 4228 884 4299 mausueta,

100 4314 161 4396 (Ps.
188 4324 221 4395 6,
254 4320 304 4401 7).
331 4322 420 4383 idem
444 4322 484 4384 de
512 4324 657 4385 miseriis
684 4325 786 4399 gemit
812 4340 887 4385 cum

99 4414 200 4479 dicit:
229 4425 313 4483 Heu
346 4423 431 4482 milti
461 4424 542 4494 quia
576 4422 743 4483 incolatus
771 4436 884 4493 meus,

101 4508 163 4588 (Pa.
189 4518 254 4591 119,
277 4516 322 4596 5).
348 4517 524 4594 Apostolus
550 4518 606 4595 qui
633 4518 784 4594 praecipit
806 4517 887 4580 fiere

99 4613 361 4686 comitantibus,
386 4614 531 4691 gaudere
556 4631 629 4676 cum
655 4614 884 4690 gaudentibus,

100 4720 151 4781 per
176 4713 439 4793 compassionem
474 4712 604 4774 dolebat
629 4711 743 4774 dicens
770 4735 778 4773 ε
805 4715 887 4781 ozris

99 4806 293 4876 intimantur
312 4810 347 4872 et
365 4825 426 4886 eqo
444 4823 514 4871 nou
532 4812 711 4883 ircptrruor,
733 4808 821 4890 (Cor.
837 4826 885 4883 xl,

101 4899 159 4979 29).
185 4907 344 4967 Dominus
372 4922 473 4984 super
505 4909 681 4979 Lazarum,
707 4909 740 4969 et
767 4911 887 4971 videus

101 5000 265 5066 ciuitatem
283 5005 379 5077 licuit
392 5019 499 5079 super
512 5007 605 5066 tilam
620 5002 713 5083 (Luc.
729 5022 799 5078 x1x,
819 5005 883 5085 41).

101 5093 143 5156 De
164 5098 319 5163 dilatione
342 5101 471 5178 praemii
497 5100 577 5162 flent
603 5102 685 5179 Justi
712 5102 884 5165 dicentes:

101 5192 204 5267 Super
226 5199 373 5270 numina
397 5202 610 5273 nebulonis„
636 5199 706 5278 (Ps.
737 5201 811 5271 136,
841 5198 884 5278 1).

103 5288 195 5358 Quasi
226 5295 373 5357 dicerent
402 5317 409 5356 ε
439 5297 514 5357 Non
545 5296 725 5358 existentes
753 5298 788 5357 in
816 5296 885 5357 flu-

939 3154 1034 3228 signa
1058 3153 1091 3213 61
1111 3153 1227 3213 ruinas
1255 3151 1355 3226 huJus
1381 3148 1496 3210 mundi
1525 3151 1738 3213 contemnant

940 3249 1108 3320 mundum,
1134 3249 1166 3309 et
1194 3246 1335 3321 diligant
1367 3260 1506 3321 regnum
1541 3246 1611 3307 Dei.
1645 3248 1739 3310 Unde

940 3345 1117 3408 Zacharias
1134 3366 1142 3403 ι
1159 3346 1184 3406 0
1198 3347 1292 3414 Stou,
1308 3345 1389 3419 stege
1404 3358 1481 3417 qecce
1494 3344 1627 3405 babitus
1647 3349 1741 3419 apud

940 3446 1049 3517 fllium
1077 3444 1261 3516 nebulonis
1289 3437 1401 3518 (zach.
1431 3455 1468 3513 11,
1497 3438 1543 3519 7).
1581 3441 1661 3504 Sion
1689 3446 1741 3505 est

940 3540 1090 3603 Ecclesia
1110 3539 1164 3600 vel
1186 3537 1293 3599 fidelis
1315 3537 1446 3613 anima3
1474 3537 1622 3616 Babylon
1642 3555 1741 3601 mun-

942 3639 1015 3711 dus,
1042 3638 1120 3715 quia
1143 3634 1291 3713 Babylon
1315 3635 1466 3696 confusio
1491 3636 1738 3713 interpretatur,

941 3737 974 3799 et
1001 3735 1142 3798 mundus
1171 3732 1329 3797 confusus
1361 3733 1412 3796 est
1444 3733 1674 3811 iniquitatibus
1707 3739 1740 3798 et

940 3833 1219 3897 tribulationibus.
1247 3831 1333 3892 Filia
1358 3831 1536 3909 Babylonis
1564 3833 1615 3895 est
1641 3833 1739 3895 turba

941 3930 1114 3997 malorum,
1138 3927 1282 3990 amatrix
1307 3926 1439 4001 mundi3
1463 3929 1497 3988 et
1519 3926 1594 3988 ideo
1617 3927 1741 3989 dicitur

941 4028 1009 4090 filia
1026 4025 1215 4104 Babylonis.
1238 4026 1360 4085 Sensus
1380 4024 1457 4084 talis
1474 4024 1525 4084 est
1540 4044 1548 4083 :
1565 4025 1590 4083 Ο
1609 4024 1700 4093 Sion,
1717 4041 1737 4086 o

941 4123 1159 4192 Ecclesia,vel
1172 4122 1278 4184 fidelis
1291 4120 1413 4193 anima,
1422 4136 1495 4197 quae
1508 4118 1638 4182 habitas
1653 4122 1740 4198 apud

941 4223 1045 4283 tiliam
1067 4218 1262 4297 Babylonis,
1291 4217 1388 4288 idest,
1425 4232 1500 4278 cum
1535 4216 1739 4279 amatoribus

941 4317 1066 4389 mundi,
1087 4316 1163 4391 fuge
1187 4315 1228 4376 de
1251 4313 1430 4389 Babylone,
1451 4313 1530 4389 quia
1551 4312 1740 4374 11111111-

942 4416 1013 4477 dus.

980 4512 1029 4573 Ad
1052 4512 1213 4573 terrorem
1236 4507 1418 4569 malorum:
1440 4506 1475 4569 ut
1494 4505 1574 4567 mali
1589 4507 1738 4570 videntes

941 4612 1036 4687 signa
1060 4608 1198 4671 timeant
1221 4609 1324 4667 Deum
1351 4604 1484 4681 propter
1511 4604 1738 4668 imminentem

941 4706 1178 4783 adversitatem
1199 4718 1297 4782 quam
1321 4702 1439 4763 nolunt
1456 4701 1574 4764 timere
1593 4702 1628 4763 in
1647 4705 1739 4781 pacis

940 4804 1193 4883 tranquillitate.
1215 4800 1308 4862 Unde
1333 4799 1511 4875 Gregorius
1535 4818 1582 4863 a«
1604 4803 1737 4879 Appro-

941 4903 1155 4982 pinquantem
1174 4898 1288 4961 mundi
1308 4897 1488 4967 terminum
1510 4900 1642 4975 quantae
1656 4915 1737 4977 per·

941 5002 1112 5064 cussiones
1126 4996 1343 5075 praeveniant,
1359 4994 1519 5055 Dominus
1538 4995 1735 5071 innotescit}

941 5100 977 5163 ut
988 5099 1017 5160 si
1039 5101 1143 5159 Deum
1155 5094 1303 5156 metuere
1326 5092 1362 5153 in
1376 5092 1616 5168 tranquillitate
1639 5093 1738 5154 nolu-

941 5213 1025 5268 mus,
1042 5193 1189 5256 vioinum
1204 5193 1277 5267 ejus
1289 5188 1454 5267 judicium
1474 5189 1527 5250 161
1549 5190 1739 5265 percussio·

941 5294 1037 5356 uibus
1068 5289 1171 5353 attriti
1199 5290 1385 5351 timeamus.
1413 5303 1432 5345 »
1456 5284 1549 5346 Unde
1574 5286 1607 5346 et
1636 5287 1736 5361 paulo

102 5386 252 5464 minibus,
276 5392 377 5466 idest,
402 5393 438 5453 in
463 5392 557 5454 tiuxu
585 5393 800 5466 confusionis,
828 5394 886 5456 sed
941 5390 1093 5470 superius
1103 5391 1209 5450 Lucas
1220 5383 1431 5459 Evangelista
1440 5380 1539 5442 dicit:
1553 5385 1739 5446 ferreres-

103 5495 210 5562 super3
228 5489 305 5565 quia
324 5490 436 5551 omnia
456 5490 620 5552 mundana
643 5492 883 5568 superavimus,
940 5491 1156 5565 quedccoem,
1169 5480 1443 5556 attemperata,
1456 5477 1738 5556 etsipuumupua
1757 5496 1760 5501 ·

103 5575 167 5641 illic
194 5585 353 5658 sedimus,
373 5603 441 5648 non
470 5588 573 5649 erecti
598 5604 657 5665 per
684 5588 884 5665 superbiam,
940 5581 1261 5661 eruut(Luo.xx1,
1288 5573 1351 5655 11).
1377 5572 1737 5650 Praeceduntquaedam

104 5675 760 5762 56116611661611111111111116111161.
771 5685 884 5767 (ibid.)
941 5680 1154 5759 aegritudines
1168 5674 1293 5743 mundi,
1310 5672 1395 5734 sicut
1410 5670 1459 5732 est
1473 5669 1556 5732 illud
1570 5672 1736 5741 Ambrosii
