3936 6192
651 682 906 854 obbo
958 687 1435 858 ROMANUS

328 1129 441 1254 Ab
498 1127 1086 1260 GORONANDUM
1141 1130 1759 1259 {Malitiosam

669 1426 716 1508 [Ε
735 1432 992 1493 SPICILEGIO
1013 1432 1214 1504 ROMANO,
1237 1434 1279 1492 P.
1302 1428 1378 1508 228]

257 1974 424 2033 BREVIS
444 1972 684 2034 PRAEFATIO
706 1973 832 2033 CARD.
854 1974 970 2034 MAH.
1072 1971 1120 2033 ibi
1142 1972 1235 2035 sedet
1255 1973 1407 2035 domiuus
1431 1976 1522 2051 Papa
1545 1972 1581 2034 in
1604 1972 1685 2035 sede
1708 1988 1778 2045 sua,
1801 1972 1855 2034 cir·

1005 2131 1012 2144 ,
1069 2071 1310 2132 cumstantibus
1324 2071 1499 2149 episcopis,
1512 2072 1545 2133 et
1557 2071 1782 2132 cardinalibus
1795 2071 1855 2131 dia·

257 2229 263 2241 ,
369 2230 376 2242 ,
719 2229 725 2241 ,
922 2148 1015 2209 ’qm
1069 2168 1173 2239 conis,
1191 2168 1224 2229 et
1244 2169 1377 2230 coeteris
1392 2167 1544 2230 ecclesiae
1566 2168 1750 2230 ordinibus.
1772 2171 1853 2229 Tunc

218 2228 500 2340 smtds'mmqrqm
515 2229 797 2339 C⁰l¹²¹¹¹n⁹¹¹⁸ff¹¹m’
814 2230 847 2292 et
865 2244 918 2292 ¹¹¹⁰
932 2245 1016 2340 ΡΨ·
1068 2264 1193 2326 electus
1204 2266 1398 2342 Imperator,
1411 2281 1486 2327 cum
1503 2268 1645 2344 conjuge
1665 2268 1699 2329 et
1713 2266 1853 2328 omuibus

217 2325 303 2389 ΜΟ
327 2326 368 2388 ad
389 2326 624 2390 b¹h¹¹⁰ss¹⁰⁰³m
645 2328 841 2390 V³t¹⁰³¹¹³¹¹¹
860 2328 1012 2400 ³⁰⁰⁰⁸⁸¹t’
1068 2359 1248 2424 baronibus
1268 2364 1338 2424 suis
1358 2363 1490 2425 clericis
1513 2364 1548 2426 et
1568 2363 1676 2436 laicis,
1698 2363 1854 2425 osculatur

258 2135 296 2192 ln
317 2132 442 2208 insigni
466 2131 572 2193 Cincii
596 2131 773 2193 camerarii
799 2129 913 2193 codice

217 2426 329 2487 exstat
346 2425 443 2487 initio
465 2426 631 2501 genuinus
651 2426 684 2487 et
698 2426 828 2503 priscus
852 2425 939 2488 Ordo
957 2440 1015 2487 ro-
1068 2459 1168 2537 pedes
1187 2459 1312 2523 domini
1335 2464 1447 2538 Papae‘
1471 2460 1512 2523 Et
1535 2461 1665 2537 Regina
1683 2461 1721 2523 in
1738 2464 1853 2539 panem

1068 2573 1143 2619 cum
1158 2559 1357 2635 supradictis
1376 2557 1568 2620 ductoribus
1583 2559 1655 2620 suis
1677 2559 1851 2631 recedente,
1945 2568 1946 2583 ²

217 2538 335 2583 manus
350 2522 392 2583 ad
409 2522 636 2583 coronandum
651 2524 898 2600 Imperatorem,
916 2538 1014 2600 quem

217 2620 373 2729 Oldlnem
398 2635 499 2730 (llum
523 2620 564 2682 ab
582 2620 625 2681 51⁸
650 2635 852 2731 mamp‘ffm
877 2620 1014 2732 qifferf⁰
1067 2655 1198 2717 Electus
1216 2657 1310 2734 jurat
1330 2656 1523 2718 fidelitatem
1545 2656 1681 2718 domino
1705 2660 1803 2735 Papae
1823 2658 1852 2717 in

216 2717 365 2779 viderem
389 2733 445 2795 qu1
468 2716 601 2779 exstant
620 2716 707 2794 apud
725 2716 957 2780 Mabillonrum
977 2734 1013 2781 m
1069 2752 1325 2816 huncmodum,

216 2815 484 2887 Masco'ltclico,
505 2816 542 2875 Τ.
561 2830 597 2887 11,
614 2830 677 2877 uec
694 2831 762 2877 nou
782 2815 824 2877 ab
846 2816 931 2893 ipso,
948 2832 1013 2895 quo
1106 2853 1177 2912 «In
1198 2852 1332 2912 nomine
1350 2851 1482 2914 Domini
1503 2852 1608 2914 nostri
1626 2855 1709 2915 ΜΠ
1731 2852 1851 2923 (ΠΜ

1327 2950 1361 3011 et
1384 2947 1516 3011 iuturus
1539 2951 1726 3027 Imperator
1748 2953 1853 3014 Roma·

1066 3061 1197 3118 norum,
1213 3046 1379 3124 promitto,
1395 3046 1552 3124 spondeo,
1573 3047 1747 3125 polliceor,
1766 3049 1852 3126 atque

216 2929 305 2974 nunc
327 2912 452 2974 utimur
472 2912 660 2974 Pontificali
679 2928 829 2986 romano,
853 2913 937 2976 bene
960 2931 1013 2978 me
1067 2963 1128 3024 030
1153 2950 1207 3010 .N.
1232 2950 1305 3011 Rex

216 3010 338 3072 mereri
352 3010 394 3072 de
408 3025 503 3072 sarra
526 3009 661 3087 liturgia
680 3010 805 3088 putari,
822 3012 851 3072 si
867 3011 956 3073 hunc
976 3012 1012 3075 in

216 3108 295 3219 ΙᾳοοΙ
312 3124 379 3171 uon
400 3108 510 3170 alieno
523 3108 712 3218 recitarem.
730 3109 824 3172 Alius
838 3125 918 3172 vero
930 3109 1011 3221 bre·
1066 3159 1126 3221 pe,
1139 3142 1211 3204 haec
1226 3143 1400 3220 evangelia
1415 3147 1495 3222 jum
1509 3160 1622 3206 comm
1636 3147 1705 3207 D00
1720 3146 1753 3209 01
1768 3145 1852 3206 beato

215 3222 362 3268 vissrnus
382 3206 607 3316 coronationis
629 3206 716 3267 Ordo
732 3222 889 3269 romanus
908 3207 958 3271 est
975 3224 1011 3269 ru
1066 3242 1166 3303 Petro
1180 3242 1337 3320 Aposwlo
1352 3241 1412 3304 tibi
1428 3243 1481 3304 qq·
1501 3241 1591 3304 hgqfi
1605 3243 1698 3305 petri
1714 3242 1852 3321 Apostoli

216 3302 470 3377 00d0m00d1oe‚
487 3302 544 3366 sOl·
561 3304 629 3376 149,
646 3302 677 3365 b·
693 3300 753 3384 (1)·
1065 3338 1199 3400 Vicario
1223 3338 1430 3411 fidelitatem,
1455 3339 1588 3417 tuisque
1614 3341 1852 3403 successoribus

1065 3435 1224 3498 canonice
1233 3436 1445 3510 intrantibus,
1459 3452 1577 3515 meque
1591 3452 1612 3498 a
1626 3437 1724 3500 modo
1739 3440 1852 3516 proteo
1948 3494 1949 3509 ,

264 3494 473 3564 QUALITER
494 3493 699 3554 ROMANUS
721 3493 965 3556 IMPERATOR
1064 3534 1169 3596 torem
1182 3549 1221 3595 30
1236 3530 1276 3597 ,10

411 3591 571 3651 DEBEAT
592 3589 816 3652 CORONARI'
1064 3631 1232 3704 Ecclesiae,
1249 3632 1282 3693 et
1298 3632 1418 3694 vestrae
1432 3647 1594 3708 personae,
1610 3633 1851 3710 vestrorumque

255 3734 375 3810 Incipit
398 3731 485 3793 Ordo
509 3746 667 3793 romanus
688 3729 729 3791 ad
749 3729 1009 3793 benedicendum
1064 3744 1293 3792 successorum
1322 3729 1358 3790 iu
1390 3728 1544 3791 omnibus
1576 3729 1795 3804 utilitatibus,
1821 3730 1850 3790 iu

215 3831 467 3910 Imperatorem,
496 3827 628 3906 quaudo
656 3842 813 3889 coronam
841 3829 962 3906 accipit
988 3845 1009 3891 a
1064 3829 1223 3904 quantum
1242 3827 1356 3888 divino
1377 3826 1481 3888 fultus
1498 3825 1592 3889 suero
1614 3826 1793 3905 adjutorio,
1810 3843 1850 3888 se·

214 3930 348 3992 domino
357 3928 446 4003 Papa
456 3926 492 3987 in
502 3924 738 3987 basilioabeati
747 3926 1007 4005 Petribpostoli,
1063 3925 1207 3985 cundum
1226 3918 1313 3986 scire
1333 3939 1442 3986 meum
1461 3940 1501 3986 ac
1520 3940 1629 4000 posse,
1649 3926 1723 3988 sine
1746 3924 1850 3988 fraude

213 4028 255 4089 ad
270 4028 376 4088 altare
390 4022 674 4085 sanctiMauricii.
820 4018 826 4039 ’
1063 4024 1096 4084 et
1116 4023 1203 4084 malo
1226 4022 1374 4098 iugenio,
1403 4021 1453 4083 sic
1479 4037 1532 4082 me
1557 4024 1645 4083 Deus
1671 4024 1804 4100 adjuvet
1822 4023 1850 4084 et

253 4125 315 4186 Die
340 4121 516 4193 dominico,
545 4136 673 4182 summo
699 4135 812 4193 mane,
839 4121 1009 4186 deseendit
1063 4120 1135 4183 haec
1149 4120 1264 4182 sancta
1279 4119 1500 4196 evangelia.»
1522 4118 1636 4197 Ibique
1655 4121 1849 4183 camerarius

108 4252 112 4259 ·
214 4222 345 4284 Electus
368 4235 443 4282 cum
465 4220 606 4296 conjuge
629 4233 689 4280 sua
709 4218 750 4279 ad
772 4220 920 4282 sanctam
935 4222 1009 4283 Ma·
1063 4218 1187 4280 domiui
1203 4221 1314 4295 Papae,
1328 4217 1432 4279 Electi
1447 4216 1569 4295 pallam
1583 4217 1706 4295 accipit
1718 4219 1781 4281 sibi
1795 4219 1849 4279 ba·

213 4322 299 4383 riam
329 4317 590 4395 transpadiuam,
611 4332 685 4394 quae
709 4316 761 4378 est
781 4318 879 4395 juxta
901 4320 1007 4382 Tera-
1062 4317 1215 4378 bundam.

212 4419 374 4489 blathum,
388 4416 500 4494 ibique
512 4414 673 4492 recipitur
684 4414 867 4478 honorifice
881 4431 901 4478 a
915 4431 1007 4493 prae-
1102 4413 1227 4475 Deinde
1250 4412 1370 4489 quaerit
1388 4411 1429 4473 ab
1451 4427 1491 4473 eo
1515 4411 1669 4474 domiuus
1684 4416 1775 4492 Papa
1794 4416 1847 4483 ter,
1945 4476 1946 4485 χ

211 4517 297 4581 lecto
306 4515 409 4587 urbis,
421 4513 455 4575 et
464 4512 582 4575 comite
588 4512 705 4589 palatii
713 4513 962 4590 Lateraueusis3
975 4515 1009 4578 et
1062 4512 1091 4573 si
1110 4511 1182 4574 vult
1202 4509 1325 4571 habere
1340 4525 1455 4588 pacem
1470 4526 1545 4571 cum
1561 4510 1733 4587 Ecclesia3
1755 4524 1849 4587 eoque

1278 3534 1443 3596 tonsorem
1457 3533 1529 3596 sore
1546 3535 1687 3613 hujusce
1705 3538 1851 3600 Romana
1948 3556 1950 3579 2

1944 4290 1947 4433 l

213 4630 299 4676 uxor
314 4616 386 4692 ejus
402 4627 421 4672 a
436 4611 548 4672 dativo
562 4609 676 4688 judice
692 4610 880 4680 staceario,
897 4611 930 4673 et
944 4612 1006 4674 de·
1060 4610 1112 4671 ter
1122 4606 1342 4685 respondente
1355 4628 1363 4667 ε
1377 4606 1476 4682 Volo;
1490 4605 1644 4668 dominus
1655 4611 1748 4687 Papa
1760 4608 1846 4670 dicit:

212 4712 345 4773 ducitur
361 4724 421 4786 per
434 4708 608 4784 porticum,
629 4706 761 4768 clericis
785 4707 877 4770 urbis
893 4709 1006 4770 omui-
1061 4708 1101 4769 Et
1119 4705 1236 4782 egedo
1255 4704 1316 4766 tibi
1334 4720 1461 4782 pacem,
1482 4705 1569 4767 sicut
1588 4706 1750 4768 Dominus
1770 4704 1849 4767 dedit

211 4809 273 4869 bus
299 4806 423 4868 indutis
442 4804 567 4881 cappis,
584 4803 739 4880 planetis,
758 4804 955 4881 dalmaticis,
974 4807 1008 4871 et
1060 4803 1233 4881 discipulis
1256 4802 1338 4863 suis.
1360 4801 1601 4879 Osculaturque
1620 4801 1764 4866 frontem
1785 4806 1848 4881 eius

211 4905 346 4975 tunicis,
369 4918 444 4963 cum
464 4900 635 4975 turibulis,
657 4901 866 4964 cantantibus
890 4925 898 4965 s
919 4907 1006 4967 Ecce
1060 4902 1262 4973 etmentum,
1277 4915 1373 4961 rasus
1385 4899 1474 4961 enim
1489 4915 1562 4961 esse
1575 4898 1682 4974 debet,
1697 4902 1732 4963 et
1745 4901 1848 4963 ambas

209 5004 311 5065 mitto
324 5005 485 5077 angelum
499 5014 626 5071 menam
639 5014 743 5077 usque
757 5000 799 5062 ad
814 5001 1006 5078 suggestum
1059 5015 1178 5076 genas,
1194 4999 1360 5076 postremo
1375 5013 1422 5058 os.
1439 4999 1532 5058 Tunc
1547 5012 1689 5074 surgens
1704 4999 1847 5062 domiuus
1943 5044 1944 5055 ,

210 5116 299 5163 areae
310 5097 503 5175 superioris,
517 5111 590 5172 quae
603 5098 653 5159 est
663 5097 699 5157 iu
712 5099 820 5175 eapite
830 5098 1003 5176 graduum,
1060 5100 1163 5175 Papa,
1177 5098 1231 5158 ter
1251 5094 1370 5173 quaerit
1393 5094 1435 5155 ab
1458 5110 1498 5157 eo
1522 5095 1551 5156 si
1571 5095 1653 5157 velit
1674 5096 1847 5158 esseillius

210 5199 287 5262 aute
302 5198 414 5275 portas
429 5195 558 5255 erectus
576 5196 699 5258 sanetae
713 5196 829 5258 Mariae
844 5197 880 5257 iu
893 5197 1003 5259 Turri.
1059 5193 1227 5257 Ecclesiae.
1255 5194 1295 5255 Et
1321 5192 1380 5255 illo
1405 5194 1457 5255 ter
1476 5191 1698 5270 respondente
1724 5216 1733 5255 ι
1757 5193 1845 5265 Velm

246 5355 288 5431 (l)
308 5353 415 5413 L'Orde
426 5352 464 5430 od
477 5352 668 5410 coronandum
679 5354 813 5437 Imperat.
827 5368 842 5411 a
854 5351 900 5412 etc
911 5353 1005 5427 publia
1058 5351 1132 5411 mise
1146 5367 1182 5410 eu
1197 5366 1296 5410 oeuvre
1309 5349 1345 5409 de
1356 5357 1404 5408 cot
1416 5350 1520 5409 accord
1535 5348 1586 5409 des
1600 5348 1674 5409 deux
1689 5352 1846 5424 pulssances

230 5443 262 5485 or
271 5429 298 5484 lc
311 5423 389 5483 card.
403 5421 470 5481 liei.
487 5424 544 5481 son
557 5423 634 5497 objet
647 5423 754 5496 special
769 5424 795 5481 le
809 5424 894 5481 distin
918 5439 954 5482 ue
968 5425 1004 5483 de
1058 5439 1114 5497 que
1125 5425 1151 5481 la
1167 5423 1272 5492 Quirite
1285 5422 1453 5492 compilatio
1469 5421 1589 5479 lormule
1602 5419 1844 5496 legislativemeut

208 5445 303 5557 Forata
317 5495 495 5552 duodecimas
508 5493 543 5551 de
556 5494 700 5562 llebillon,
715 5510 793 5567 supr.
809 5496 863 5553 col.
881 5439 917 5554 3}
1218 5565 1223 5576 ,
1433 5565 1439 5575 ,

209 5570 232 5627 ll
256 5567 326 5623 ollre
350 5580 387 5622 uu
414 5565 630 5639 grandinabat
653 5564 823 5638 historiquc,
848 5580 885 5624 eu
909 5569 1003 5625 meme
1058 5566 1184 5640 pluribus
1198 5563 1328 5637 ejusdem
1342 5565 1461 5635 (lempst.

210 5648 302 5708 temps
317 5650 372 5709 que
387 5637 549 5709 liturgique.
567 5637 589 5694 ll
606 5642 660 5707 cst,
680 5652 716 5694 en
731 5636 852 5712 quelque
869 5646 955 5711 sorte,
975 5639 1001 5697 la

933 5504 962 5554 et
977 5513 1001 5554 s.
1058 5498 1092 5555 V.
1109 5510 1188 5567 supr.
1202 5493 1253 5550 lib.
1270 5495 1292 5561 l,
1305 5499 1326 5550 t.
1345 5494 1370 5561 l,
1385 5507 1411 5550 c.
1427 5493 1455 5560 3,
1470 5493 1525 5551 col.
1543 5492 1604 5563 llll,
1620 5502 1648 5550 el
1662 5494 1692 5550 iu
1709 5495 1772 5553 aliis
1784 5492 1847 5550 locis
1941 5536 1942 5545 ,
