3936 6192
90 250 141 312 325
554 238 712 312 ouium
733 236 994 297 conrrnamo.
1021 238 1097 301 nra.
1122 240 1175 301 nr.
1617 225 1622 235 ’
1661 244 1720 315 ato

92 406 202 473 dantes
218 400 253 463 ut
266 400 344 477 quia
357 387 457 475 super
469 397 532 460 lroc
546 398 681 475 propter
695 396 866 458 raritatem
923 395 1154 459 admirationis
1168 398 1340 473 babentes,
1352 416 1396 462 ex
1406 418 1456 474 eo,
1472 403 1549 479 quia
1558 419 1658 481 quum
1669 404 1716 485 (b)

92 502 308 579 magistrorum
329 511 365 558 se
379 496 515 574 possent
529 494 669 557 forsitan
683 494 788 573 aliqui
803 508 867 556 ex-
923 494 958 555 in
972 495 1133 558 Toletano
1154 498 1296 559 concilio
1318 500 1476 562 statutum
1499 499 1609 575 fuerit,
1638 503 1720 565 etin

91 615 207 672 cnsar03
222 595 263 657 ab
274 594 492 656 ecelesiarum
506 592 654 671 praelatis
669 592 701 654 et
714 591 868 669 capitulis
923 593 1072 668 generali
1085 596 1292 671 postmodum
1307 596 1512 672 innovatum,
1535 616 1577 662 ne
1596 599 1719 664 Christi

91 700 125 762 ad
149 694 319 769 theologiae
343 691 560 769 professionis
588 690 734 751 studium
764 687 869 766 aliqui
922 689 1135 767 blasphemus
1172 693 1313 771 publicis
1351 695 1469 758 ofliciis
1511 698 1718 774 praeferatur,

90 793 230 859 docibiles
253 790 470 863 destinentur,
499 789 554 867 qui
571 805 672 866 quum
693 788 780 850 docti
796 786 870 848 fue·
923 805 1024 865 quum
1052 789 1192 850 nimium
1216 792 1260 852 sit
1287 793 1478 868 absurdum,
1510 796 1546 857 ut
1571 796 1656 858 tales
1684 799 1720 859 in

90 892 189 958 rintin
203 887 263 951 Dei
277 888 425 950 Ecclesia
446 886 537 949 velut
555 886 711 964 splendor
721 885 868 961 fulgeant
924 885 1124 948 christianos
1147 888 1214 948 rim
1236 892 1417 953 exerceant
1437 895 1624 971 potestatis;
1648 913 1718 969 ros,

90 986 282 1059 firmamenti,
312 1002 355 1047 ex
382 984 501 1063 quibus
538 983 745 1062 postmodum
773 982 869 1060 copia
924 985 960 1047 ut
973 985 1199 1047 intelleximus
1218 988 1472 1052 conniventibus
1494 993 1599 1053 oculis
1619 995 1722 1056 susti-

89 1088 179 1169 possit
191 1083 308 1147 baberi
324 1084 505 1156 doctorum,
522 1083 580 1160 qui
600 1080 819 1144 velut'stellae
834 1081 868 1141 in
924 1083 1009 1145 netis
1033 1100 1092 1160 per
1115 1084 1244 1161 jndaeos
1268 1088 1366 1164 atque
1389 1104 1536 1165 paganos
1563 1092 1720 1152 statutum

89 1185 249 1266 perpetuas
264 1181 466 1245 aeternitates
482 1181 630 1242 mansuri
652 1178 868 1257 adjustitiam
924 1181 1116 1259 hujusmodi
1139 1183 1271 1255 violari,
1297 1201 1487 1264 quanquam
1520 1187 1652 1265 publice
1684 1191 1720 1251 in

87 1282 206 1347 valeant
217 1281 380 1359 plurimos
395 1279 544 1354 erudire,
561 1276 681 1355 quibus
700 1277 728 1337 si
744 1276 870 1355 proprii
924 1279 1060 1356 synodis
1075 1280 1194 1342 restris
1218 1283 1423 1359 protuleritis
1448 1289 1721 1349 excommunica-

88 1380 253 1461 proventus
267 1377 424 1439 Ecclesiae
442 1393 509 1438 non
524 1375 703 1447 sufiiciunt,
720 1374 870 1452 praedicti
923 1377 1025 1439 tionis
1054 1378 1253 1441 senteutiam
1282 1380 1317 1441 in
1350 1398 1476 1456 omnes,
1507 1385 1563 1462 qui
1596 1386 1721 1448 eisdem

86 1476 264 1541 necessaria
279 1474 531 1537 subministrent
547 1496 555 1534 :
571 1473 727 1535 docentes
741 1488 820 1535 vero
834 1471 869 1534 in
925 1472 1044 1535 officiis
1065 1476 1273 1552 praeficerent
1298 1478 1448 1551 infideles
1465 1502 1473 1540 :
1490 1480 1523 1542 et
1544 1481 1632 1543 idem
1660 1499 1723 1545 rex

87 1575 260 1652 theologica
272 1572 441 1645 facultate,
458 1572 536 1633 dum
549 1571 584 1633 in
603 1571 727 1633 scholis
748 1571 872 1633 docue-
925 1572 1021 1634 nobis
1032 1573 1228 1651 jamdudum
1254 1575 1416 1640 direxerit
1439 1578 1563 1656 scripta
1587 1597 1659 1653 sua,
1685 1581 1721 1642 in

87 1675 154 1747 rint,
170 1674 200 1735 ot
212 1672 383 1735 studentes
397 1670 432 1732 in
445 1670 529 1748 ipsa,
546 1669 675 1747 integre
689 1685 750 1748 per
765 1685 870 1731 annos
925 1670 1044 1747 quibus
1060 1670 1133 1747 lege
1149 1673 1308 1749 perpetuo
1330 1674 1490 1737 duratura
1513 1693 1549 1738 se
1564 1678 1721 1740 statuisse

88 1771 219 1850 quinque
234 1770 421 1849 percipiant
433 1769 474 1830 de
493 1768 629 1830 licentia
655 1767 750 1829 Sedis
764 1770 872 1845 Apos-
925 1767 1064 1842 dicebat,
1082 1786 1124 1831 ne
1134 1769 1169 1830 in
1182 1786 1285 1847 regno
1299 1773 1480 1851 Hungariaa
1493 1774 1561 1837 ullo
1574 1792 1721 1854 unquam

86 1868 366 1946 tolicaeprorentus
376 1866 641 1945 praebendarum,
654 1866 686 1928 et
695 1864 872 1927 beneflcio·
925 1882 997 1939 suo,
1026 1867 1080 1929 vel
1102 1866 1262 1930 heredum
1291 1885 1426 1932 suorum
1461 1872 1609 1951 tempore
1635 1874 1723 1936 tales

85 1983 149 2028 rum
164 1982 310 2039 suorum,
327 1982 393 2027 non
412 1964 563 2027 obstante
577 1964 690 2042 aliqua
703 1962 871 2026 contraria
925 1964 1152 2041 praefioiantur
1167 1966 1285 2029 officiis
1300 1969 1510 2045 supradictis.
1527 1971 1723 2033 nridivimus

85 2065 312 2129 consuetudine
339 2064 393 2127 rel
425 2063 568 2135 statuto,
604 2080 705 2141 quam
733 2062 870 2125 denario
926 2062 1063 2139 insuper
1077 2064 1164 2141 quod
1180 2067 1339 2127 Saraceni
1353 2082 1412 2143 per
1424 2066 1723 2131 dissimulationem

85 2162 223 2224 fraudari
238 2178 306 2224 non
321 2162 463 2223 debeant
475 2162 511 2222 in
531 2162 630 2222 vinea
644 2160 777 2223 Domini
791 2175 873 2237 ope-
925 2159 1070 2220 vestram
1083 2159 1128 2241 (c)
1140 2162 1244 2222 multa
1259 2163 1293 2222 in
1306 2163 1455 2239 partibus
1463 2165 1582 2226 vestris
1599 2165 1723 2230 habent

83 2262 197 2322 mntes.
214 2264 285 2322 Hoc
301 2260 410 2322 autom
425 2260 623 2321 inconcusse
641 2258 795 2320 volumus
810 2256 873 2321 ob·
927 2257 1094 2334 mancipia
1130 2257 1324 2332 christiana,
1368 2277 1442 2338 quae
1480 2278 1580 2340 quum
1613 2264 1726 2325 emant

83 2359 214 2432 servari,
233 2358 374 2420 firmiter
397 2357 611 2436 disponentes
635 2355 722 2434 quod
749 2352 800 2435 (o)
823 2354 875 2416 fe·
927 2353 1044 2428 libere,
1061 2356 1191 2433 quando
1211 2356 1327 2419 volunt
1340 2374 1401 2435 pro
1424 2358 1564 2421 arbitrio
1579 2377 1639 2422 suo
1664 2362 1725 2424 do-

83 2456 199 2517 namus
212 2471 312 2533 poana
327 2454 435 2518 debita
448 2457 715 2532 transgressores
729 2452 787 2535 (2).
927 2452 1097 2514 minantur
1107 2454 1243 2526 eisdem,
1261 2456 1440 2517 secundum
1461 2457 1562 2519 ritum
1574 2459 1723 2536 ipsorum

927 2565 967 2611 ea
979 2550 1092 2611 nivere
1107 2551 1352 2629 compellentes.
1369 2555 1548 2629 Praeterea,
1566 2557 1652 2633 quod
1674 2560 1725 2620 est

390 2644 407 2721 ,'
493 2689 507 2717 ,
926 2647 1105 2725 plurimum
1146 2648 1357 2725 miserabile,
1405 2653 1559 2714 nonnulli
1604 2655 1722 2718 rustici

212 2776 217 2785 ·
319 2688 533 2777 TUUHJS
574 2690 635 2776 HI
926 2745 1100 2807 christiani
1122 2748 1238 2824 sponte
1260 2765 1295 2810 se
1309 2749 1547 2814 transferentes
1562 2752 1603 2813 ad
1618 2753 1721 2831 ipsos,

196 2872 242 2919 DE
264 2871 389 2920 ,unffi
410 2873 454 2920 ΕΤ
475 2873 659 2921 Sqfflffis
682 2854 741 2939 (1),
926 2843 1085 2905 eteorum
1100 2843 1200 2906 ritum
1213 2847 1388 2920 sectantes,
1407 2850 1592 2911 Saracenos
1614 2860 1750 2928 sepu-'

286 2959 288 2963 ¹
925 2940 1011 3003 blice
1041 2942 1252 3017 confitentur,
1277 2960 1320 3006 ex
1341 2961 1381 3007 eo
1410 2946 1487 3024 quia
1512 2947 1547 3007 in
1570 2947 1724 3024 plurimis

925 3038 1034 3100 lenior
1054 3042 1297 3103 Saracenorum
1322 3043 1466 3104 conditio
1496 3060 1595 3121 quam
1616 3045 1726 3107 cbris-

926 3136 1094 3197 tianorum
1104 3138 1230 3199 existit.
1243 3138 1327 3209 Quia
1337 3155 1417 3200 vero
1430 3141 1610 3215 negligere,
1624 3158 1725 3218 quum

384 3284 520 3347 CAPUT
541 3286 556 3345 I
927 3234 1061 3312 possitis
1070 3235 1265 3311 perturbare
1276 3250 1462 3311 perversos
1477 3237 1562 3297 nihil
1575 3238 1725 3300 estaliud

559 3328 566 3344 ⁶
929 3347 1026 3409 quarn
1041 3331 1165 3404 forero,
1182 3347 1222 3392 ac
1242 3333 1430 3394 consentire
1453 3333 1586 3396 videtur
1608 3351 1728 3397 erran-

119 3436 298 3509 lntellecto,
324 3437 358 3498 et
380 3438 488 3510 tressa.
513 3435 563 3497 Ad
586 3434 658 3497 haec
682 3434 723 3495 de
742 3433 872 3495 discre—
928 3428 1016 3489 tibus
1032 3429 1087 3507 qui
1102 3427 1194 3489 vitiis
1209 3428 1399 3507 etpeceatis
1414 3446 1488 3508 quae
1506 3430 1602 3507 debet
1620 3435 1729 3496 corri-

86 3532 165 3593 lione
184 3535 299 3595 restra
322 3532 495 3606 miramur,
519 3548 655 3595 causam
677 3531 792 3593 contra
815 3546 874 3593 ros
928 3541 1007 3603 gere
1022 3542 1089 3586 non
1105 3527 1264 3602 occurrit,
1281 3528 1327 3589 ita
1351 3527 1387 3589 in
1406 3528 1470 3591 hoc
1488 3529 1725 3608 negligentiam

85 3010 237 3071 Omnibus
266 3011 532 3083 archiepiscopis
558 3010 592 3070 cf
617 3012 784 3084 episcopis
805 3025 872 3084 per

181 3116 331 3184 regnum
343 3109 540 3183 Hunparioe
553 3108 759 3169 coemtifufis.

87 3773 297 3850 supermissio,
312 3764 411 3854 supra,
426 3786 464 3853 aa
477 3771 769 3855 cier.ceiatonucii.;
786 3771 873 3829 altera
965 3764 1004 3839 (b)
1032 3768 1069 3823 Ιιι
1094 3766 1223 3851 infatuato
1250 3768 1369 3825 coacitio
1395 3771 1444 3829 ΙΙΙ.
1474 3770 1624 3856 sisenandi
1648 3773 1728 3847 regis

60 3854 64 3859 ‘
88 3855 112 3895 ιιι
123 3840 173 3922 hoc
182 3857 245 3914 cap.
259 3852 289 3926 et
301 3844 329 3911 3,
345 3842 430 3924 infra,
446 3848 488 3899 tlt.
503 3842 536 3898 da
550 3843 684 3926 Privafcp.
701 3844 762 3899 lloc
776 3850 872 3901 autern
928 3851 1004 3894 finnt)
1016 3839 1033 3895 3
1047 3837 1160 3920 (ΙΙΙΙΙΙΙΙ,
1175 3853 1253 3966 Visa
1266 3840 1675 3970 8q2⁰mfit3ibafiudggiicssttglw
1688 3860 1728 3971 εἰ)

88 3914 874 4112 adaltan{trististristisjis
927 3924 1024 4061 tat
1037 3924 1297 4063 tintiititmt
1315 3926 1363 4063 ‚tl
1390 3927 1566 4063 tonatim:
1594 3990 1622 4040 a
1647 3929 1727 4067 ily

89 4053 422 4113 neralesublnnocentio
437 4055 488 4120 ΙΙΙ,
505 4054 797 4113 etiambateranense
832 4057 871 4112 ic·
928 4050 1030 4108 concil.
1051 4051 1198 4118 Toletano,
1230 4051 1361 4109 chintilae
1382 4066 1462 4123 regis
1485 4054 1590 4109 annol
1611 4052 1726 4125 Christi,

90 4126 151 4192 lun,
164 4139 226 4196 que
244 4133 345 4183 tamen
364 4124 512 4185 nominum
531 4124 674 4183 distinctio
688 4127 776 4198 vulgo
793 4125 873 4183 adfri-
928 4135 997 4177 vero
1011 4121 1074 4188 636,
1091 4123 1232 4178 sancitum
1249 4137 1256 4178 :
1272 4123 1316 4178 Ne
1326 4124 1387 4179 flea
1399 4137 1485 4193 repro
1499 4124 1728 4194 inacqurorcfur

89 4188 160 4251 betur
173 4196 269 4268 utiam
283 4196 393 4263 notavi,
409 4202 441 4252 ut
454 4202 565 4253 constat
581 4211 617 4252 ex
635 4210 698 4269 cap.
724 4197 751 4265 2,
776 4212 873 4269 supra,
926 4191 1096 4318 ῗνὶιιεᾳιιαιιι
1122 4192 1259 4260 conceptis
1283 4191 1375 4248 sabb
1398 4193 1562 4249 iamborum
1593 4195 1668 4264 prati
1696 4211 1727 4252 se

89 4263 251 4324 damonia.
270 4267 325 4324 llic
339 4264 482 4323 Honorius
496 4265 572 4338 quod
590 4266 670 4324 bisce
691 4268 821 4324 conciliis
839 4266 875 4325 de
948 4262 1238 4346 qadqucquarqorem
1252 4261 1380 4343 imorum
1392 4263 1512 4332 istratus
1523 4279 1537 4345 .·'
1552 4278 1591 4345 ,aa
1608 4280 1643 4320 aa
1658 4280 1726 4347 per·

91 4330 239 4395 doctoribus
261 4337 409 4409 theologis
431 4336 558 4393 nondum
584 4344 646 4393 erat
671 4338 755 4409 plene
774 4337 873 4395 obser·
928 4346 1084 4414 fauturum
1097 4331 1208 4401 quidem
1226 4336 1453 4414 utquisqcomu
1474 4333 1610 4413 reiigione
1625 4335 1725 4392 Ciris·

90 4410 187 4475 vatum,
203 4415 234 4466 ut
249 4408 365 4466 interim
395 4406 548 4481 theologie
565 4406 690 4464 studium
708 4415 875 4479 procuretur
929 4407 1011 4460 tiana
1029 4402 1140 4458 alienus
1155 4405 1214 4457 foto
1228 4403 1461 4483 ddtoaetrnpune
1474 4407 1562 4459 attam
1575 4407 1690 4487 opera..

91 4476 234 4536 mmedium
249 4478 377 4547 adhibet,
390 4492 495 4550 nempe
513 4486 544 4535 ut
557 4479 670 4551 integre
682 4476 789 4536 fructus
801 4494 873 4551 praa·
963 4470 1005 4599 fc)
1024 4472 1118 4528 liutto
1133 4470 1233 4555 todoat
1246 4486 1400 4553 monctpto.
1417 4473 1478 4529 Hoc
1502 4486 1566 4544 cap.
1584 4474 1729 4532 liononus

91 4540 232 4607 bandarum
261 4564 380 4608 suarum
405 4549 543 4632 recipiant
566 4548 710 4619 absentes,
735 4557 876 4622 utsupra
931 4551 1061 4626 wertse
1081 4556 1228 4614 accepisse
1246 4539 1338 4599 edicta
1367 4549 1465 4625 contra
1482 4543 1632 4624 ,Judoeosa
1656 4560 1728 4620 rege

92 4615 249 4678 fidiam.
269 4637 329 4678 aaa
342 4620 427 4677 resid.
444 4619 551 4677 dictum
567 4628 620 4677 est.
863 4647 867 4653 ·
930 4615 1095 4687 ilungaros,
1113 4627 1197 4686 quem
1219 4619 1378 4671 constater
1391 4612 1507 4670 bistone
1524 4617 1587 4683 llun
1612 4631 1726 4674 acorum

122 4686 160 4759 (a)
176 4692 337 4748 natamus.
359 4691 466 4773 Perire,
489 4697 533 4773 est
556 4689 603 4748 hic
626 4691 876 4773 excommunicare
930 4683 1018 4769 fuisse
1032 4683 1195 4752 andraeam,
1212 4684 1315 4741 ataine
1333 4683 1420 4741 dubio
1439 4684 1553 4743 misisse
1576 4630 1613 4743 a}
1627 4688 1725 4745 Hono·

93 4760 874 4903 aftttrslcrsaazauatttriti:
931 4755 1725 4913 :ornarilassataslasatas.tt:

94 4897 197 4957 iteam
208 4903 353 4974 feriatum
365 4901 441 4974 quod
451 4909 495 4958 est
498 4903 777 4972 jacutoetmucrone
786 4904 874 4975 spiri·
932 4897 1034 4980 quibua
1055 4896 1116 4954 haec
1135 4911 1277 4969 praecipue
1295 4905 1476 4982 continentur
1496 4898 1532 4956 de
1554 4900 1659 4985 quibus
1680 4900 1729 4959 hic

92 4970 156 5026 tacti
166 4979 311 5041 pacufera
334 4974 362 5030 in
378 4987 442 5029 can.
463 4973 595 5032 iconcil.
613 4976 742 5048 lingunt.
752 4990 762 5046 3
784 4974 877 5032 retesti
932 4983 947 5026 a
973 4976 1036 5026 rtur.
1054 4970 1174 5025 Tantum
1199 4973 1295 5025 autem
1307 4983 1462 5040 perniciem
1476 4971 1632 5044 ilunganas
1652 4972 1726 5028 infe·

93 5039 215 5106 quaein
227 5044 351 5101 coneilio
366 5040 470 5101 Turon.
487 5044 515 5101 2.
625 5070 628 5074 ·
932 5054 962 5096 re
983 5046 1032 5096 anf
1054 5038 1153 5106 iudoei,
1173 5046 1205 5096 ut
1225 5053 1275 5096 eos
1299 5039 1413 5097 tandem
1441 5041 1601 5099 Ludovicus
1619 5057 1670 5098 rer
1692 5041 1728 5098 ab

124 5108 160 5194 (f)
177 5114 255 5172 Cefte
265 5113 407 5172 decretale
421 5113 593 5172 d’llonorius
605 5115 732 5173 estf'une
744 5115 779 5172 de
791 5117 878 5173 celles
932 5111 1079 5183 Hungaria
1093 5110 1211 5166 omnino
1226 5112 1364 5183 exegerit,
1400 5111 1427 5168 ui
1443 5112 1536 5169 exacti
1546 5114 1688 5171 austriam
1700 5121 1729 5170 et

109 5194 134 5237 ιιι
148 5190 278 5242 attestant
296 5185 323 5241 le
342 5183 402 5243 zble
421 5184 472 5243 des
495 5187 589 5258 Papes
611 5201 682 5259 pour
704 5186 731 5243 la
751 5188 876 5245 soienea.
932 5183 1079 5265 Boerniam
1089 5180 1273 5264 inundarunt,
1288 5189 1319 5239 ut
1337 5197 1401 5266 scu,
1414 5184 1437 5266 it
1449 5183 1604 5251 Bonflnius,
1621 5181 1730 5240 decade

126 5266 159 5308 ux
172 5256 228 5325 qui,
248 5255 286 5312 de
299 5256 452 5329 nosjours,
474 5255 629 5314 reclament
649 5258 677 5314 le
698 5255 827 5315 benefice
842 5257 878 5315 de
933 5254 960 5320 Ι,
976 5253 1025 5309 bb.
1045 5254 1082 5309 x.
1096 5251 1202 5310 iudaeis
1218 5260 1312 5309 autem
1337 5252 1496 5311 Christiana
1520 5252 1627 5310 habere
1645 5267 1728 5309 man·

94 5317 250 5383 l’adneation
267 5326 406 5397 integrate
442 5328 553 5396 ratuite,
569 5328 668 5385 offerte
686 5325 702 5385 b
722 5335 783 5385 tout
804 5328 879 5402 sujcf
933 5322 1407 5450 cigiaomnibuslegibusvetitum
1421 5330 1474 5391 est,
1492 5324 1511 5379 f.
1531 5325 1626 5391 unica,
1642 5324 1672 5381 C.
1694 5338 1731 5406 ae

94 5393 188 5452 euitat
201 5396 266 5454 d'en
279 5398 347 5454 tirer
360 5340 452 5471 profit,
469 5397 547 5455 n’ont
557 5397 619 5457 rien
630 5395 747 5456 inventi
759 5399 807 5472 qui
823 5400 880 5457 soit
934 5396 955 5451 C
976 5398 1102 5477 assitens
1115 5410 1252 5479 mancip,
1266 5396 1339 5477 ΙΙοι.
1355 5395 1416 5462 itt,
1441 5408 1504 5464 cap.
1528 5394 1555 5462 2,
1580 5400 1609 5449 et
1629 5391 1666 5448 de
1684 5391 1731 5450 liis

95 5475 222 5536 noureau,
238 5482 277 5524 on
296 5467 325 5524 le
340 5468 407 5525 voit.
934 5465 1076 5537 pluriestn
1086 5465 1197 5538 legibus
1208 5464 1576 5538 wisigothorumquarnm
1585 5469 1732 5521 auctorem

125 5534 161 5608 tt)
179 5538 216 5596 Ca
233 5539 298 5595 titre
311 5546 354 5596 est
367 5539 394 5596 le
404 5539 434 5595 5Θ
450 5538 485 5596 de
501 5539 528 5596 la
551 5541 719 5613 compilatio
734 5542 831 5613 prima
851 5547 880 5599 et
934 5535 1169 5596 chindasuintnm
1183 5536 1297 5617 quidam
1315 5549 1380 5617 esse
1397 5532 1610 5617 existimarunt,
1629 5536 1733 5593 melius

94 5599 116 5658 fc
126 5606 154 5662 fi·
167 5606 217 5665 des
229 5609 340 5667 fiderit.
352 5609 553 5681 aremarensis
935 5621 1021 5680 quam
1033 5605 1201 5675 Watnbam3
1221 5606 1267 5661 illo
1277 5619 1353 5661 enim
1366 5610 1542 5663 mentionem
1558 5603 1627 5691 laert
1640 5606 1730 5665 neca·
