3952 6188
201 287 260 351 vel
665 282 846 349 Hououn
866 282 912 345 111
933 281 1083 345 OPERA.
1099 309 1138 326 -
1153 280 1385 345 SERMONES.
1794 282 1857 345 ⁷92

196 447 276 522 oris,
297 448 366 511 oris
384 446 568 523 contessi03
582 446 699 509 contra
722 446 892 523 peccatum
910 457 994 522 ope·
1050 455 1111 520 per
1129 440 1372 503 contessionem
1392 439 1525 504 333133
1550 438 1758 517 impetravit
1780 441 1853 504 011

195 544 257 615 313,
270 547 381 624 333313
396 544 591 608 satisfactio.
606 545 801 621 Quanquam
815 542 849 603 et
864 541 997 618 13333-
1050 539 1209 618 quantum
1231 539 1321 601 valet
1350 554 1435 618 pura
1465 536 1655 600 3331333131
1680 539 1856 602 1133133313

196 640 278 704 libet
292 643 425 705 mortali
435 643 507 704 haec
518 641 585 702 tria
600 640 668 701 sint
679 639 870 701 necessarie
884 636 993 707 simul,
1050 637 1194 698 aliaest
1220 636 1344 709 delicti,
1375 635 1409 697 et
1438 636 1507 697 3113
1529 635 1652 698 laudis.
1680 637 1857 699 Confessio

195 737 232 799 13
264 739 463 801 contritione
494 738 604 800 cordis
636 737 748 798 anima
781 735 928 807 lavatur,
960 732 996 794 in
1050 732 1172 802 laudis,
1198 732 1266 794 alia
1292 732 1435 805 servilis,
1460 732 1529 795 alia
1558 734 1764 806 3333333313,
1785 734 1856 797 3113

197 835 406 898 confessione
432 836 502 898 oris
521 850 619 913 poena
633 834 853 905 3311133133,
867 835 900 893 31
911 833 998 893 tem·
1050 830 1176 892 filialis.
1195 830 1334 902 Quidam
1356 830 1613 908 33133331331
1632 832 1760 891 norunt
1779 830 1855 891 lau·

196 934 343 1009 peretur,
367 934 403 994 in
430 933 658 995 satisfactione
682 931 804 1008 operis,
826 946 924 1008 poena
937 945 998 1007 pe-
1051 926 1131 989 dara
1142 927 1318 989 Dominum
1332 926 1513 989 tormidine
1526 942 1646 1005 poenae,
1661 929 1693 989 31
1715 927 1858 990 landam

195 1029 287 1090 nitus
298 1031 480 1092 relaxatur.
504 1031 620 1107 Neque
643 1028 733 1091 enim
748 1025 872 1089 3311311
886 1042 996 1104 quan-
1051 1025 1129 1103 quia
1150 1024 1300 1087 metuunt
1313 1025 1350 1085 13
1364 1024 1533 1086 13133333
1556 1024 1719 1100 demergi,
1735 1027 1857 1102 poten·

196 1126 408 1205 tumcumque
423 1127 536 1189 dolere
557 1126 598 1187 de
617 1126 764 1203 peccato,
781 1124 810 1185 si
824 1123 907 1185 illud
922 1124 997 1201 3313
1050 1121 1132 1184 tiam
1155 1122 1264 1200 potius
1279 1137 1379 1199 3333
1396 1121 1579 1184 bonitatem
1597 1122 1854 1198 annuntiantes3

195 1222 367 1287 erubuerit
380 1224 544 1298 33311331,
562 1224 641 1303 3313
652 1221 859 1300 impossibile
874 1221 999 1283 331133-
1051 1220 1108 1297 qui
1121 1219 1206 1281 13133
1218 1220 1306 1291 3331,
1323 1220 1412 1281 33331
1431 1220 1604 1282 vocantur.
1622 1221 1708 1281 Sunt
1722 1219 1784 1281 alii
1798 1220 1855 1297 331

197 1319 321 1383 minem
336 1321 512 1400 pervenire
525 1321 568 1383 31
589 1318 841 1396 indulgentiam,
854 1318 912 1395 qui
930 1334 997 1381 333
1052 1317 1088 1377 13
1107 1316 1262 1378 laudibus
1285 1317 1417 1379 Domini
1448 1318 1665 1395 perseverant
1685 1317 1722 1378 et
1743 1317 1849 1393 333313

197 1417 270 1479 vult
283 1418 434 1480 conilteri
447 1418 578 1496 331333
590 1433 696 1480 3333.
713 1418 783 1479 Ν33
801 1416 902 1477 31133
917 1431 1000 1477 con·
1052 1413 1264 1476 considerant
1277 1413 1520 1491 praeteritorum
1532 1413 1774 1475 13331313333
1785 1414 1853 1474 im·

197 1512 290 1577 tritio
305 1518 338 1579 et
352 1515 519 1578 confessio
533 1515 714 1588 sufiiciunt,
722 1515 751 1575 si
764 1513 999 1590 contempserit
1052 1511 1246 1588 pensionem
1275 1510 1329 1573 vel
1354 1511 1569 1589 3333331133
1596 1509 1850 1583 exhibitionem,

198 1612 392 1675 satisfacere
413 1615 512 1692 juxta
547 1612 723 1674 arbitrium
749 1612 917 1674 Ecclesiae.
951 1613 999 1672 De
1053 1623 1151 1686 qnam
1173 1607 1308 1670 insitam
1332 1607 1525 1669 bonitatem.
1540 1610 1588 1669 De
1607 1606 1855 1685 3313313331-

199 1709 307 1786 primo
338 1709 400 1772 Job
430 1710 592 1788 propheta
620 1709 691 1772 ait:
719 1711 869 1771 Scindite
893 1711 999 1770 corda
1052 1707 1108 1768 133
1135 1704 1313 1767 Ρ33131313
1343 1704 1385 1766 31
1418 1707 1522 1766 Deum
1548 1723 1558 1764 t
1591 1705 1854 1777 connectimur

199 1804 997 1885 333133313333331133313333133031.3,
1054 1803 1114 1865 tibi
1136 1805 1219 1891 dum
1241 1805 1449 1876 benefeceris
1471 1806 1522 1864 eis
1546 1799 1689 1881 (Ρ318,
1712 1800 1854 1881 19).Qni
1967 1788 1968 1791 '

201 1900 1001 1980 12111113Ρ3311331330333313113333113331-
1054 1900 1211 1961 nimirum
1235 1900 1320 1962 tales
1346 1899 1545 1960 mercenarii
1567 1900 1745 1962 vocantur.
1774 1900 1855 1961 Sunt

200 2000 324 2061 lictum
338 2005 431 2064 Deus
454 2018 523 2063 333
543 2003 706 2079 despiciet
721 2000 790 2081 (Ρ3.
806 2002 857 2073 50,
872 1999 936 2080 18).
952 2003 999 2063 De
1054 1997 1112 2058 alii
1134 1999 1238 2058 Deum
1264 1996 1299 2057 13
1324 1996 1467 2059 33311313
1495 1995 1682 2072 diligentes,
1709 1996 1793 2073 3313
1812 1995 1853 2069 31,

200 2097 345 2159 secundo
359 2098 503 2160 lacobus
515 2098 551 2161 in
561 2099 708 2177 Epistola
720 2099 882 2161 canonica
896 2119 904 2158 z
917 2101 1001 2160 Corc-
1054 2109 1120 2156 non
1137 2094 1214 2155 ideo
1229 2094 1307 2171 quia
1326 2093 1387 2155 sub
1409 2094 1493 2171 ipso,
1508 2093 1568 2155 sed
1588 2094 1668 2171 quia
1683 2094 1720 2153 13
1736 2109 1775 2154 se
1786 2093 1855 2169 ipso

200 2195 349 2268 fitemini
367 2197 581 2259 atterutrum
602 2199 744 2273 peccato
772 2198 892 2259 oestro
912 2195 998 2274 (lac.
1054 2190 1273 2267 singulariter
1290 2190 1398 2253 bonus
1422 2192 1483 2264 est,
1499 2190 1654 2252 deserunt
1675 2192 1712 2251 et
1728 2190 1857 2252 eumde

200 2304 235 2363 v,
253 2289 317 2372 16).
331 2294 371 2355 Et
384 2294 420 2354 in
432 2295 687 2357 Ecclesiastico:
702 2296 862 2370 Princtpi
874 2297 1001 2356 1331133
1054 2288 1109 2350 113
1123 2288 1158 2348 13
1173 2288 1260 2350 hem
1284 2287 1420 2349 laudum
1441 2288 1643 2366 praeconiam
1666 2287 1859 2349 amabiliter

201 2391 304 2465 caput
328 2392 437 2466 tuum,
467 2394 502 2455 et
523 2394 900 2470 presoperonemeic
922 2393 1002 2453 anv-
1055 2385 1211 2447 efferunt
1235 2385 1371 2458 ouibus.
1394 2386 1459 2448 etsi
1487 2385 1603 2462 unguo
1630 2385 1763 2459 sileret
1788 2386 1858 2462 ipsa

200 2502 297 2550 mam
318 2491 416 2552 tuem
444 2487 569 2569 (Eccle.
591 2506 639 2563 1v,
668 2489 715 2572 7).
747 2492 788 2553 Et
815 2491 999 2552 Salomon:
1056 2482 1266 2546 rectitudinis
1289 2484 1437 2562 operatio
1452 2483 1680 2546 testimonium
1699 2483 1858 2561 perhibe-

204 2587 269 2651 eui
281 2589 456 2650 abscondit
475 2595 607 2651 sceiere
628 2603 704 2660 333,
723 2603 793 2650 333
816 2588 1001 2664 3113133133,ο
1055 2583 1118 2643 ret.
1142 2582 1205 2653 Qui
1225 2581 1384 2643 nimirum
1402 2581 1488 2643 tales
1507 2581 1571 2642 1111
1588 2580 1756 2643 ditissimi
1772 2597 1859 2643 333-

203 2684 262 2756 cet
287 2684 404 2746 cutem
419 2688 595 2760 consessus
616 2671 735 2762 133311,
760 2687 794 2749 31
809 2687 1002 2759 133311333-
1056 2680 1232 2756 33333133.
1255 2678 1450 2741 Exhortatio
1473 2679 1535 2752 est,
1550 2677 1683 2756 quando
1697 2678 1857 2756 praelatus

203 2779 254 2841 re
281 2793 333 2851 eo,
349 2784 627 2844 misericordiam
642 2784 870 2857 contradicetur
888 2785 1000 2861 (Prov.
1057 2792 1116 2854 per
1139 2792 1233 2838 suam
1259 2776 1525 2838 exhortationem
1550 2777 1688 2838 3333331
1707 2775 1859 2836 33111133

205 2890 327 2949 xxv111,
345 2875 409 2958 13).
424 2880 471 2940 De
480 2879 579 2942 tertio
593 2883 739 2942 loannes
749 2880 897 2956 Baptista
913 2884 1004 2940 :Fe-
1057 2889 1134 2935 suos
1149 2889 1170 2935 a
1183 2874 1275 2936 vitiis
1289 2875 1323 2935 et
1335 2874 1492 2951 peccatis,
1505 2874 1539 2936 31
1553 2872 1673 2934 liberat
1682 2888 1745 2934 eos
1760 2889 1861 2951 3333-
1967 2866 1968 2957 ξ

202 2975 270 3036 3113
286 2978 407 3051 dignos
419 2978 555 3051 [133133
568 2977 783 3054 poenitentiae
797 2975 927 3056 (Matth
950 2990 1000 3048 m,
1057 2971 1109 3033 nis
1123 2970 1259 3033 interni.
1282 2973 1361 3043 Qum
1385 2971 1474 3033 enim
1497 2972 1606 3048 major
1625 2969 1858 3032 misericordia

203 3070 1004 3151 811113313333313313331113131133333-
1057 3070 1116 3130 aut
1140 3067 1247 3145 pietas
1269 3070 1332 3141 est,
1366 3069 1616 3145 quamanimae
1643 3067 1856 3129 morientium

204 3172 268 3232 dra
282 3172 400 3233 oestro
419 3176 555 3234 servire
573 3174 749 3247 iniquitati
771 3176 816 3237 dd
836 3172 1004 3247 13133113-
1058 3165 1264 3227 subditorum
1291 3165 1474 3238 vivificare,
1506 3166 1658 3227 errantes
1694 3165 1737 3227 ad
1767 3164 1857 3225 viam
1967 3186 1968 3211 .

205 3267 348 3340 1333,113
361 3285 454 3332 3333
467 3273 788 3334 331113133331133
800 3271 919 3332 oestro
933 3285 1005 3332 ser·
1057 3262 1208 3325 veritatis
1229 3262 1399 3336 reducere,
1423 3261 1547 3325 fractos
1562 3262 1787 3331 consolidare.
1799 3262 1856 3322 '111-
1967 3320 1968 3357 3

205 3367 443 3439 oirejustitioe
454 3370 493 3430 in
505 3369 816 3441 sanctificationem
830 3365 937 3439 (1133.
953 3382 1002 3440 vr,
1059 3360 1166 3422 castos
1181 3359 1214 3422 et
1227 3374 1390 3436 pauperes
1404 3359 1572 3421 consolari
1584 3361 1597 3419 1
1967 3366 1968 3369 ’

205 3461 270 3541 19).
284 3465 378 3526 Η333
390 3464 597 3528 3133133133
611 3466 764 3544 apposuit
778 3465 849 3543 ipse
865 3464 1001 3537 Paulus,
1100 3457 1194 3519 Siout
1206 3457 1350 3534 quatuor
1363 3458 1442 3517 sunt
1457 3473 1531 3534 333
1549 3456 1681 3518 1331331
1694 3472 1758 3533 333
1779 3470 1859 3517 con-
1967 3440 1968 3451 ’

205 3561 263 3637 331
276 3562 362 3623 31331
373 3578 443 3639 3333
455 3562 607 3625 omnibus
626 3563 735 3625 iuerat
750 3562 908 3624 Ecclesia
923 3577 1004 3639 per·
1059 3554 1286 3622 13331333113
1311 3555 1454 3631 3331333
1476 3555 1647 3631 suntque
1669 3553 1855 3630 impediunt
1967 3530 1968 3621 s

206 3658 350 3730 secutor,
375 3659 423 3720 113
451 3661 485 3722 31
514 3661 724 3738 postmodum
747 3659 789 3721 de
816 3659 1003 3738 seinquit:
1060 3650 1315 3713 contessionem.
1330 3650 1495 3713 Videlicet
1507 3651 1628 3728 pudor,
1645 3651 1760 3722 11333,
1771 3665 1860 3726 spes,
1967 3692 1968 3697 κ

205 3757 291 3814 Pius
305 3758 462 3816 33131133
475 3755 828 3836 13133331113333,
846 3756 910 3837 10).
1061 3749 1261 3827 desperatio.
1278 3749 1443 3821 Quosdam
1462 3750 1552 3810 enim
1576 3749 1711 3825 impedit
1733 3746 1855 3824 pudor,
1967 3764 1968 3797 ss

247 3851 298 3911 Ex
318 3849 372 3911 his
396 3866 476 3927 ergo
497 3852 671 3929 speciebus
695 3853 872 3929 praedictis,
897 3853 1005 3930 prima
1062 3847 1119 3926 331
1134 3847 1263 3908 33111331
1276 3859 1337 3923 333
1358 3846 1431 3908 sola
1445 3845 1642 3908 contusione
1655 3844 1861 3907 erubescunt

206 3946 257 4009 est
280 3948 464 4025 pungitiva,
496 3948 574 4027 quia
604 3948 714 4010 cordis
742 3948 837 4010 dolor
864 3964 931 4011 nou
956 3951 1007 4012 ost
1061 3943 1212 4006 33311331
1228 3944 1363 4021 peccata
1377 3959 1450 4014 333,
1466 3960 1540 4020 qum
1555 3942 1807 4013 commiserunt,
1827 3942 1861 4003 et

207 4044 280 4107 sine
312 4048 487 4123 punctura.
519 4046 671 4108 Secunda
703 4045 899 4121 mitigativa,
927 4046 1006 4124 3313
1062 4042 1134 4103 13333
1148 4041 1199 4103 est
1216 4039 1368 4102 33313313
1382 4040 1552 4102 adducens
1563 4042 1752 4118 peccatum.
1766 4039 1856 4100 Alios

207 4156 283 4202 eum
298 4144 454 4219 peccator
469 4143 655 4206 confitendo
665 4144 836 4220 peccatum
851 4143 1007 4207 effuderit
1060 4137 1200 4215 impedit
1212 4137 1323 4209 timor,
1339 4137 1418 4214 quia
1429 4137 1563 4206 timent,
1579 4137 1610 4198 si
1625 4137 1858 4209 confiteantur,

207 4254 266 4301 cor
278 4255 375 4301 suum
387 4255 500 4302 coram
512 4241 663 4314 Domino,
678 4240 789 4303 statim
800 4240 901 4303 sentit
913 4240 1007 4303 miti·
1060 4251 1104 4296 ne
1117 4235 1230 4311 gravis
1244 4235 1276 4296 31
1290 4249 1389 4310 poena
1407 4233 1614 4311 injungatur,
1633 4234 1777 4305 scilicet,
1800 4248 1856 4294 333

206 4337 386 4414 gailonem,
409 4339 488 4417 3313
512 4340 590 4401 dum
611 4355 650 4401 33
665 4338 832 4401 retinebat
845 4339 881 4399 in
894 4337 1005 4411 corde,
1060 4331 1147 4395 Job:
1180 4334 1243 4399 Oui
1272 4332 1370 4393 timet
1393 4334 1579 4407 pruinam,
1610 4333 1730 4393 irruet
1758 4344 1861 4407 33333

206 4436 303 4512 33331
324 4437 459 4500 1313133
484 4438 557 4500 3331
577 4437 645 4498 11113
666 4437 700 4500 31
723 4437 891 4498 oneratus.
914 4435 1006 4508 Quod
1060 4445 1140 4492 eum
1151 4432 1217 4490 313
1229 4425 1316 4506 (lob.
1333 4443 1380 4502 v1,
1396 4427 1461 4507 16).
1481 4428 1564 4490 Sunt
1577 4429 1690 4490 autem
1706 4426 1858 4490 nonnulli

206 4534 435 4611 experimento
456 4534 573 4597 didicit
597 4534 655 4612 331
678 4534 789 4596 113333
809 4533 981 4595 consuevit
997 4553 1005 4592 ε
1061 4526 1118 4603 331
1132 4526 1168 4587 13
1180 4525 1243 4587 hoc
1256 4525 1378 4587 mundo
1386 4524 1520 4602 aliquod
1534 4525 1789 4602 concupiscunt,
1800 4539 1859 4585 nec

206 4632 624 4705 11131,333113133,3113
637 4632 807 4694 remisisti
820 4629 892 4709 (Ρ3.
909 4645 1005 4702 xxxi,
1062 4623 1179 4701 putant
1209 4638 1246 4684 se
1280 4621 1458 4700 adeptmos
1484 4622 1570 4699 3331
1598 4621 1806 4693 desiderant,
1830 4619 1860 4680 si

207 4724 253 4803 ὅ).
267 4728 379 4789 Tertia
402 4729 454 4791 est
472 4729 639 4791 odoriiera
665 4730 698 4790 et
721 4729 907 4801 attractiva,
928 4728 1007 4805 3313
1062 4720 1177 4799 333133
1191 4720 1268 4791 sint,
1286 4719 1476 4781 homiuibus
1497 4720 1721 4792 innotescant,
1740 4720 1776 4782 et
1796 4719 1859 4779 ho-

208 4822 600 4905 133333333311331133
624 4825 714 4887 lucet
731 4826 768 4887 in
782 4841 893 4903 opere,
910 4826 1008 4887 31313
1061 4835 1136 4882 rum
1164 4818 1406 4881 contessionem
1432 4818 1570 4896 impedit
1597 4834 1697 4895 spes,
1733 4816 1862 4879 scilicet

208 4918 318 4980 luceat
329 4919 390 4981 lux
404 4936 465 4981 sua
479 4937 591 4983 coram
606 4921 808 4990 hominihus,
822 4924 859 4984 ut
872 4924 1008 4985 videant
1062 4917 1227 4994 cupiditas
1241 4915 1389 4993 potiendi
1408 4914 1577 4988 desiderii,
1601 4914 1681 4977 sed:
1708 4918 1768 4977 Vae
1781 4929 1864 4989 pre·

208 5032 310 5094 opera
325 5033 387 5080 sua
405 5016 503 5090 bona,
520 5018 553 5079 31
566 5018 753 5094 glorificent
767 5019 895 5095 patrem
910 5036 1007 5081 suum
1062 5015 1246 5092 3333311133
1284 5014 1321 5075 31
1361 5014 1596 5075 nutrientem
1635 5016 1705 5075 11113
1748 5015 1865 5075 diebus

208 5116 266 5195 331
281 5116 331 5177 331
344 5116 380 5177 13
393 5115 498 5189 coelis,
511 5116 545 5178 et
570 5116 707 5186 currant
727 5116 761 5177 in
780 5116 916 5179 odorem
940 5134 1008 5179 un·
1062 5107 1349 5192 (1133331317).

208 5216 406 5291 guentorum
421 5230 569 5276 suorum.
1104 5209 1188 5271 Sunt
1206 5210 1286 5271 item
1306 5208 1365 5269 alii
1382 5208 1438 5285 qui
1451 5206 1537 5269 nihil
1549 5222 1665 5268 eorum
1686 5207 1864 5269 verentur.

249 5315 346 5389 Ergo,
372 5312 503 5384 iratres,
525 5311 759 5373 convertamur
773 5312 814 5374 31
833 5311 1008 5373 llominum
1065 5307 1128 5369 Sed
1157 5307 1220 5368 hoc
1246 5305 1355 5367 solum
1379 5306 1504 5376 amant,
1533 5304 1621 5382 quod
1642 5304 1718 5381 post
1745 5320 1868 5380 pecca-

208 5408 244 5469 in
267 5409 337 5470 toto
357 5406 456 5469 corde
478 5408 591 5469 nostro
614 5407 773 5469 dolentes.
789 5407 890 5469 Scitis
906 5406 1007 5478 enim,
1063 5407 1173 5467 torum
1188 5402 1432 5466 consessionem
1445 5403 1581 5463 minime
1600 5399 1642 5461 31
1661 5400 1749 5477 13313
1761 5401 1867 5463 absti-

209 5506 296 5583 3331
312 5505 393 5567 Cain
408 5505 548 5583 tegendo
570 5506 604 5568 31
627 5505 818 5568 excusando
837 5502 1009 5581 peccatum
1064 5518 1145 5564 nere
1159 5502 1298 5578 possint,
1310 5501 1344 5563 31
1357 5500 1400 5563 113
1415 5498 1510 5562 31331
1523 5498 1726 5575 desperatio,
1744 5499 1867 5576 331133

210 5602 245 5663 13
259 5600 499 5680 desperationis
518 5604 674 5681 laqueum
694 5602 821 5674 incidit,
849 5601 883 5664 31
904 5599 1009 5663 David
1064 5615 1131 5662 non
1147 5599 1330 5675 incongrue
1346 5598 1499 5676 aptatur:
1521 5595 1691 5659 Peccator
1704 5611 1789 5659 cum
1802 5612 1866 5660 oe·
