3996 6196
140 351 179 412 45
784 342 895 404 ORDO
917 345 1132 411 ROMANUS.
1754 365 1795 426 4ss

140 536 272 601 Sanctae
288 533 435 612 Virginis
447 531 562 595 Mariae
573 532 710 611 Majoris
725 534 847 606 omnia,
857 534 943 597 sicut
997 545 1070 590 rum
1083 532 1171 593 Silili·
1188 532 1340 605 Quandiu
1364 535 1473 599 aulem
1490 537 1649 603 lectiones
1673 540 1793 620 legun-

139 634 334 716 praedictum
369 633 420 696 est
450 632 485 693 in
525 630 762 695 purificatione
794 633 941 709 ejusdem
995 626 1061 696 tur,
1082 628 1157 691 duae
1175 630 1294 694 faculae
1314 649 1389 696 cum
1415 636 1623 700 candelabris
1642 640 1790 717 ejusdem

140 732 265 797 sanetae
277 730 406 793 Mariae.
995 724 1145 788 ecclesiae
1162 728 1282 792 debent
1297 748 1371 795 esse
1389 749 1488 813 super
1501 736 1677 815 pulpitum,
1690 739 1723 802 et
1737 754 1792 802 re-

994 823 1127 886 siduum
1151 826 1201 890 est
1224 828 1264 890 de
1291 830 1573 908 ambullentur
1600 851 1681 901 vero
1704 838 1792 916 quod

139 949 206 1009 VII·
231 950 320 1016 Quid
334 950 455 1013 debeat
472 952 587 1025 facere
604 954 763 1014 domiuus
780 956 881 1029 Papo
902 956 940 1016 irc
993 923 1193 987 mmaffltde
1204 924 1568 1008 samnbiuaslfflitflfli
1578 935 1791 1013 mappularii»

193 1048 442 1124 assumptione
454 1050 562 1111 reate
574 1051 701 1112 Murtoe
720 1053 883 1129 pimini&
993 1023 1184 1134 eorumdem
1196 1025 1794 1138 mappulariorumsuntliisperordi·

993 1135 1069 1184 nem
1077 1137 1125 1183 src
1133 1121 1475 1194 celebratisdommus
1483 1130 1575 1207 Papa
1583 1129 1792 1196 dicitoratio·

174 1210 223 1271 14.
237 1211 522 1289 inassumpnone
531 1212 677 1290 ejusdem
691 1215 814 1277 sanctae
822 1215 938 1278 Mariae
992 1234 1068 1281 nem
1090 1219 1228 1297 vigiliae,
1252 1222 1286 1286 et
1307 1223 1411 1288 intrat
1432 1225 1565 1290 lectum.
1597 1229 1638 1292 Et
1660 1245 1791 1293 summo

134 1307 246 1372 taliter
264 1308 316 1371 fit.
340 1309 500 1372 Dominus
519 1314 611 1389 Papa
637 1312 760 1375 etenim
788 1312 880 1376 vadit
888 1310 936 1393 (1)
992 1332 1090 1380 mane
1102 1319 1255 1383 dominus
1273 1323 1365 1400 Papa
1382 1323 1463 1387 dicit
1475 1325 1671 1399 orationem,
1689 1328 1723 1391 et
1735 1345 1792 1392 ce-

135 1406 175 1468 ad
209 1422 381 1486 vesperasv
401 1424 477 1470 cum
515 1410 742 1473 cardinalibus
779 1432 788 1473 ε
818 1411 938 1491 quibus
992 1414 1257 1480 lebratmissam.
1272 1421 1343 1494 Qua
1356 1420 1461 1493 linita,
1480 1424 1660 1488 revertitur
1676 1425 1717 1487 ad
1730 1442 1792 1506 pa-

134 1504 291 1575 cantaiis,
311 1506 463 1570 dominus
486 1510 577 1586 Papa
602 1508 650 1571 ibi
668 1510 819 1573 remanet
839 1511 938 1590 atque
992 1514 1121 1576 latium.
1135 1517 1193 1580 Est
1204 1518 1395 1591 notandum,
1409 1521 1495 1599 quod
1508 1521 1594 1586 sicut
1606 1524 1729 1587 dictum
1741 1525 1792 1588 est

130 1603 238 1679 jacet3
261 1591 299 1667 ei
314 1604 350 1666 in
364 1605 499 1683 propria
518 1607 769 1684 personadebet
787 1608 823 1669 in
842 1609 938 1671 nocte
993 1613 1163 1690 superius,
1191 1615 1239 1678 ita
1263 1616 1300 1679 fit
1322 1618 1358 1680 in
1388 1619 1515 1696 vigiliis
1545 1622 1791 1687 solemnitatum

135 1702 311 1764 canendis
323 1702 448 1780 vigiliis
467 1704 640 1768 interesse.
656 1707 833 1769 Sciendum
849 1706 937 1786 quod
994 1712 1141 1774 omnium
1152 1714 1441 1791 patriarchatuum
1455 1717 1564 1780 Urbis.

134 1799 246 1861 minor
257 1801 473 1865 diaconorum
486 1803 583 1866 dehet
600 1809 853 1869 Bencdtcomua
864 1809 937 1869 Do-

132 1900 227 1959 mino
243 1898 367 1962 dicere.
384 1901 573 1964 Notandum
589 1918 669 1966 vero
686 1902 939 1985 quodubicun-
993 1936 1080 1997 vm·
1115 1935 1201 2003 Quid
1229 1938 1349 1999 debeat

133 2010 196 2071 que
210 1996 368 2060 dominus
380 2001 471 2077 Papa
485 2001 577 2063 vadit
590 2001 632 2063 ad
644 2017 814 2081 vesperas,
835 2002 939 2065 eccle·
1033 2035 1158 2110 ferm

134 2093 196 2164 sia,
220 2094 281 2157 ubi
300 2098 351 2159 est
370 2097 480 2168 statio,
507 2098 581 2177 ipsa
609 2099 705 2163 debet
723 2100 803 2163 dare
823 2115 938 2164 omnes

130 2189 262 2255 faculas
274 2195 344 2258 tam
363 2196 398 2258 in
418 2199 579 2276 vesperis,
598 2215 697 2277 quam
710 2200 746 2261 in
759 2201 868 2266 nocte.
885 2200 941 2261 Vi·
1030 2191 1794 2274 15.seriam)quaraincapitoduadrasosimae

130 2289 222 2366 3111ae
230 2293 345 2356 autem
363 2295 424 2357 tali
445 2297 562 2359 ordine
584 2296 806 2360 celebrantur,
833 2300 943 2361 cano.
997 2290 1151 2352 domiuus
1163 2294 1253 2368 Papa
1267 2292 1356 2354 circa
1373 2293 1515 2354 mediam
1526 2293 1658 2357 tertiam
1670 2296 1797 2374 equitat

131 2388 199 2451 nici
213 2391 368 2469 ejusdem
381 2393 531 2457 ecclesia
547 2394 616 2456 tres
635 2395 761 2471 primas
781 2395 943 2458 lectiones
998 2404 1074 2449 cum
1093 2388 1256 2466 091800918
1275 2390 1308 2452 θῖ
1326 2390 1551 2453 cardinalibus
1577 2392 1619 2454 ad
1639 2395 1795 2456 Samiam

131 2484 262 2562 regunt,
282 2489 614 2567 einiaresponsorra
627 2491 941 2571 similitor-cantone
996 2486 1207 2548 anastasiam
1225 2484 1285 2567 (3),
1303 2488 1337 2551 ot
1363 2488 1516 2567 receptes
1530 2490 1566 2551 in
1582 2491 1794 2568 processione

131 2583 165 2645 et
177 2585 340 2647 dominus
357 2590 449 2664 Papa
461 2587 647 2664 legentibus
661 2587 728 2650 illis
745 2590 813 2652 ires
830 2590 944 2653 lectio·
997 2583 1161 2646 &clerici-i
1180 2584 1578 2662 iPSiUS0001081ae2issirai
1596 2590 1793 2662 sacrarium,

125 2697 189 2743 nes
201 2678 484 2754 benedictionem,
503 2686 536 2748 et
549 2686 581 2747 ei
598 2685 701 2748 iidem
718 2686 852 2748 diaconi
865 2704 943 2750 car·
996 2682 1030 2743 ei
1047 2682 1157 2745 induit
1177 2699 1213 2745 ⁸0
1233 2699 1307 2745 cum
1327 2684 1553 2748 cardinalibus
1566 2687 1598 2750 θῐ
1612 2687 1689 2750 aliis
1709 2688 1795 2751 ordi-

126 2779 263 2841 dinales
282 2781 479 2857 praecinunt,
501 2786 551 2844 Tu
569 2767 700 2853 autem,
718 2783 780 2846 etc.
806 2786 943 2848 Unicui·
996 2778 1105 2841 uibus.
1120 2781 1796 2865 Interimautemcinisbenedicituraju-

129 2894 192 2955 que
208 2876 315 2939 etiam
334 2877 469 2941 illorum
482 2879 584 2942 trium
596 2880 691 2959 prior
708 2881 868 2945 diaconus
884 2885 942 2951 dat
996 2878 1091 2940 niore
1104 2879 1296 2958 presbytero
1308 2882 1482 2944 cardinali·
1503 2883 1628 2946 Deinde
1641 2884 1794 2947 dOmifflffi

129 2978 212 3041 duos
227 2977 386 3039 denarios
402 2978 441 3040 de
454 2979 572 3041 senatu
589 3001 596 3040 :
613 2980 656 3042 ad
670 2997 938 3062 unamquamque
995 2980 1086 3056 Papa
1105 2979 1197 3041 vadit
1216 2995 1291 3041 cum
1309 2980 1534 3043 cardinalibus
1547 2982 1580 3045 et
1592 2982 1706 3045 schola
1719 2997 1795 3044 can·

1371 1940 1530 2001 dorriiuns
1552 1942 1654 2016 Papo
1676 1941 1793 2016 fucere

1159 2035 1264 2097 acurio
1275 2038 1313 2098 tn
1328 2037 1441 2112 copltc
1458 2040 1750 2117 Qriodrupcstmae.

131 3075 269 3154 insuper
290 3075 467 3139 lectionem
486 3077 640 3139 dominus
658 3081 749 3157 Papa
769 3097 844 3144 cum
863 3082 940 3144 thu·
993 3075 1103 3138 torum
1122 3076 1164 3138 ad
1183 3077 1295 3140 sedem
1313 3079 1388 3156 post
1406 3078 1534 3141 altare:
1549 3079 1794 3157 etpraesentato

130 3172 238 3238 ribulo
254 3174 388 3237 accedit
404 3175 446 3237 ad
464 3179 573 3255 majus
592 3176 698 3241 altare
715 3178 750 3241 et
765 3196 935 3259 praesepe3
994 3174 1026 3235 ei
1038 3175 1161 3245 cinere,
1180 3176 1272 3253 prior
1290 3176 1521 3254 episcoporum
1540 3176 1681 3253 imponit
1699 3177 1730 3239 ei
1750 3177 1795 3239 ci·

131 3274 163 3335 ot
179 3273 256 3336 ante
277 3273 389 3352 ipsum
405 3274 605 3354 mappularii
624 3276 758 3354 portant
782 3278 865 3340 duas
886 3278 939 3341 ia·
993 3288 1118 3342 norem,
1132 3272 1246 3334 dicens
1259 3273 1331 3335 haeo
1342 3272 1512 3353 ieibadl),
1527 3275 1701 3335 Memeriw
1712 3277 1794 3346 ditia

134 3370 224 3434 culas
265 3372 394 3451 positas
433 3389 533 3451 super
571 3374 772 3437 candelabra
811 3376 938 3439 domini
989 3372 1104 3443 milvii
1121 3384 1168 3442 08,
1187 3370 1222 3432 ei
1237 3373 1275 3429 iu
1288 3374 1468 3444 pidverem
1485 3368 1688 3431 reverteris·
1703 3370 1795 3432 Posi

136 3470 243 3546 Papae.
264 3469 410 3533 Faculas
431 3471 543 3534 autem
562 3471 756 3535 daieadem
782 3473 935 3535 eeclesia.
992 3465 1127 3527 modum
1138 3481 1217 3527 vero
1230 3463 1382 3528 dominus
1390 3467 1481 3543 Papa
1492 3464 1633 3543 imponit
1647 3465 1792 3529 cinerem

136 3567 259 3638 Quarta
290 3568 402 3631 autem
431 3569 531 3631 lectio
555 3568 678 3646 legitur
703 3585 724 3631 a
750 3570 936 3642 scrinariis,
993 3563 1169 3641 episcopis,
1190 3562 1426 3634 cardinalibus,
1451 3564 1485 3628 et
1503 3563 1580 3626 aliis
1607 3564 1789 3628 ordinibus.

135 3664 408 3743 quintaapriore
420 3667 663 3744 episcoporum,
683 3667 778 3729 sexta
791 3683 811 3729 a
825 3669 936 3745 priore
992 3660 1116 3733 Quibus
1147 3661 1300 3739 expletis,
1332 3662 1545 3739 primicerius
1569 3679 1643 3725 cum
1676 3664 1791 3728 schola

135 3762 415 3840 presbyterorum,
436 3764 577 3842 septima
596 3781 617 3826 a
638 3765 750 3843 priore
777 3765 937 3829 diacono-
991 3761 1162 3823 cantorum
1174 3760 1293 3839 incipit
1304 3761 1532 3839 antiphonam,
1553 3764 1700 3840 Ercorpc
1718 3766 1790 3825 Do·
1919 3768 1920 3771 ’

135 3874 218 3931 rum,
231 3863 352 3924 octava
369 3878 389 3924 a
406 3862 518 3939 priore
537 3861 827 3934 subdiaconorum,
846 3880 934 3926 nona
989 3862 1095 3934 minc,
1112 3863 1243 3942 amona
1259 3874 1333 3922 uos.
1355 3861 1425 3932 Qua
1447 3860 1621 3939 completa,
1636 3860 1789 3924 dominus

137 3957 279 4021 autema
302 3959 436 4022 domino
456 3963 557 4038 Papa.
578 3963 625 4024 De
639 3961 809 4024 thuribulo
823 3963 934 4024 autem
990 3959 1080 4035 Papa
1093 3958 1184 4028 dicit,
1194 3960 1357 4031 orcanae·
1370 3959 1404 4020 et
1414 3958 1586 4028 diaconus,
1594 3960 1790 4022 Flectuntur

137 4056 297 4131 portando
320 4058 362 4119 ad
381 4057 487 4120 altaro
506 4058 659 4121 dominus
678 4062 768 4137 Papa
782 4060 934 4138 praecipit
988 4070 1118 4132 pontias
1135 4056 1168 4118 et
1185 4055 1273 4118 alius
1290 4055 1451 4118 diaconus
1478 4056 1608 4126 deinde,
1635 4056 1787 4119 Leonte:

138 4153 316 4234 unicuique
335 4155 498 4218 cardinali
516 4157 775 4236 provoluntate.
795 4157 845 4220 Ad
865 4158 934 4220 lec-
988 4152 1022 4214 ot
1046 4153 1199 4216 dominus
1231 4157 1322 4233 Papa
1342 4154 1424 4216 dicit
1451 4155 1635 4216 orationem
1655 4154 1695 4216 de
1724 4153 1790 4216 col-

138 4249 257 4314 tionem
274 4253 402 4315 domini
419 4257 518 4332 Papae
533 4255 644 4317 nullus
656 4255 713 4317 dat
728 4254 934 4317 benedictio-
987 4249 1084 4323 lecta,
1097 4251 1252 4314 videlicet
1263 4255 1519 4328 Preccspopnlt
1532 4252 1595 4326 luc}
1606 4250 1785 4328 quaiinita,

138 4362 210 4410 nem
223 4372 231 4410 ι
244 4351 280 4413 et
291 4350 402 4414 tamen
414 4352 486 4430 ipse
500 4352 688 4423 dicitdube
699 4356 857 4423 Domine,
867 4353 930 4415 etc.
983 4349 1100 4427 junior
1118 4349 1333 4411 diaconorum
1352 4349 1572 4411 cardinalium
1590 4348 1681 4419 dicit,
1694 4354 1788 4411 Pro-

109 4516 113 4523 *
139 4445 400 4525 ociliceidicitur
414 4450 501 4528 quod
519 4450 678 4513 Dominus
690 4451 722 4512 ei
736 4450 910 4515 benedicat
923 4471 931 4512 a
986 4450 1147 4509 cedamus
1159 4461 1345 4522 cumpucc;
1357 4447 1505 4507 etomnis
1518 4445 1640 4507 chorus
1652 4459 1789 4520 respon·

140 4542 386 4610 circumstantes
398 4548 611 4625 respondent,
624 4551 745 4610 Amen.
766 4548 842 4609 Alia
859 4563 934 4608 res-
988 4543 1052 4617 det,
1067 4547 1110 4604 Iri
1121 4547 1261 4605 concine
1279 4543 1416 4604 Christi.
1437 4540 1613 4601 Sciendum
1626 4541 1712 4618 quod
1726 4541 1787 4604 do-

139 4644 293 4717 ponsoria
308 4645 528 4708 decantantur
544 4644 585 4707 ab
599 4661 665 4707 uno
683 4644 885 4707 subdiacono
899 4646 933 4707 et
988 4641 1098 4702 minus
1116 4641 1208 4717 Papa
1228 4655 1248 4701 a
1269 4638 1517 4717 septuagesima
1530 4654 1634 4717 usque
1647 4637 1688 4701 ad
1702 4642 1787 4702 Pas-

141 4737 203 4801 alio
215 4743 362 4815 cantore,
380 4744 413 4808 et
431 4744 569 4823 quilibet
585 4759 701 4806 eorum
715 4743 834 4822 recipit
850 4743 933 4805 duos
987 4739 1050 4801 cha
1077 4754 1144 4800 uon
1169 4737 1278 4816 portat
1297 4736 1544 4800 aurifrixiatam
1557 4738 1701 4809 mitram,
1722 4756 1784 4803 nec

141 4833 290 4903 denarios
305 4840 347 4902 ab
361 4841 432 4912 illo,
448 4843 505 4920 qui
522 4842 655 4905 domino
672 4845 772 4919 Papae
794 4841 930 4915 assistit,
988 4836 1099 4898 cantat
1109 4839 1153 4898 Tc
1169 4835 1593 4905 recommemorando
1605 4836 1784 4915 praecipuis

142 4932 172 4996 et
188 4952 301 5001 omnes
327 4939 456 5001 denarii
480 4939 600 5002 debent
624 4955 699 5002 esse
718 4940 758 5002 de
777 4939 930 5002 ecclesia.
986 4934 1091 5006 sestis,
1114 4934 1198 4997 etin
1215 4935 1352 4997 Luctare
1368 4936 1576 5004 Jerusalem,
1595 4934 1631 4995 in
1650 4935 1783 5012 quodie

143 5033 375 5103 Quatuorvero
387 5037 528 5109 denarii,
542 5038 598 5116 qui
610 5039 747 5111 restant,
761 5037 934 5115 acolytho-
987 5032 1119 5095 diaconi
1138 5031 1324 5094 cardinales
1344 5031 1482 5094 utuntur
1503 5031 1646 5109 planetis
1666 5033 1781 5094 curtis.

176 5181 214 5258 (l)
233 5186 259 5245 A
282 5187 480 5247 Sainteilarie
497 5189 633 5263 blaJ'eure,
649 5188 715 5246 bien
739 5202 794 5317 que
808 5189 836 5245 le
855 5194 932 5245 texte
987 5180 1780 5266 drea.Lecardinalgrandpenitenciercbantelamesse.

143 5258 335 5332 uel‘axprime
352 5275 413 5333 pes.
431 5262 474 5318 lin
497 5260 576 5331 edet,
592 5261 657 5333 quel
697 5275 730 5317 es
924 5330 930 5341 θ
1124 5323 1130 5335 ,
1272 5325 1278 5336 ,
1425 5327 1430 5337 ,
1567 5324 1573 5335 .
1685 5319 1728 5333 ..

143 5324 208 5399 loio,
222 5329 241 5386 il
255 5337 299 5389 est
313 5329 392 5404 parte
406 5330 444 5389 du
456 5347 580 5403 presepe
599 5347 637 5389 ou
676 5347 694 5389 θ
714 5333 741 5388 la
755 5329 868 5399 arbohc,
884 5344 933 5402 qur
986 5325 1218 5408 ceremonialem
1234 5323 1341 5382 editum
1353 5339 1470 5408 nomine
1483 5324 1575 5405 Ciioii
1589 5324 1629 5406 ‚M-
1644 5336 1692 5392 t1¹¹¹
1711 5319 1783 5377 ¹³³⁰?

144 5411 173 5454 sc
184 5408 328 5459 troureen
341 5402 574 5475 cettebasiliquo.
584 5404 623 5461 Le
632 5417 706 5497 pape
715 5400 809 5459 donne
819 5401 855 5458 eo
864 5397 933 5458 e'cus
987 5396 1072 5453 modo
1084 5393 1280 5480 circumfertur
1293 5395 1346 5453 sub
1356 5410 1473 5454 nomme
1484 5394 1607 5473 Alcmnr.
1618 5394 1779 5448 Hunocon·

145 5465 199 5527 d'or
215 5479 244 5528 et
257 5472 369 5547 chaque
380 5472 507 5531 cardinal
521 5488 561 5530 un
579 5470 633 5531 iou
647 5473 708 5531 dor
722 5487 794 5546 pour
808 5472 834 5529 la
849 5470 930 5529 dota·
987 5466 1029 5525 ier
1047 5482 1112 5525 cum
1132 5466 1237 5525 Ordine
1252 5469 1383 5525 Romano
1393 5467 1623 5550 purgetoncujus
1633 5461 1782 5588 (pleraque

146 5538 200 5599 tion
213 5541 375 5617 desjeunes
389 5545 471 5615 tilles,
484 5551 513 5603 el
526 5543 622 5603 donne
636 5545 663 5602 la
684 5542 867 5602 benidiction
881 5556 931 5616 pa-
986 5540 1139 5623 oruiioiieip
1197 5537 1270 5621 read
1285 5535 1449 5622 immilem
1464 5538 1618 5608 periment>
1653 5539 1737 5591 esunt
1751 5547 1781 5591 ¹ss

146 5614 215 5681 pale,
227 5628 297 5673 avoc
309 5615 482 5690 indulgence
494 5614 630 5689 plantare,
641 5615 679 5673 du
691 5614 761 5674 haut
770 5614 808 5674 du
817 5614 929 5679 balcon.
985 5610 1084 5668 codice
1098 5611 1153 5692 Vm
1173 5624 1313 5667 cernensi.
1706 5675 1712 5688 ,

179 5686 218 5756 (²)
237 5685 310 5744 c’est
328 5702 365 5746 au
383 5687 476 5760 paruis
493 5687 670 5761 apostolique
692 5686 790 5770 qu’ont
809 5685 877 5755 lieu,
896 5685 931 5742 de
1022 5682 1061 5755 (i)
1078 5680 1285 5739 omittebautur
1302 5678 1365 5735 hm
1372 5675 1459 5759 verba
1467 5682 1594 5757 tempore
1608 5672 1714 5759 [libini
1729 5676 1778 5743 vi,

147 5766 196 5815 uos
207 5757 294 5832 jours,
307 5759 334 5817 la
349 5757 529 5818 benedictino
550 5765 579 5818 et
593 5757 774 5833 l’irnposrtion
795 5755 846 5816 des
860 5772 929 5815 ceu·
986 5754 1181 5826 eissiPiiliiie
1197 5765 1232 5808 iii
1247 5748 1434 5809 C⁰i⁰¹1¹oman
1449 5749 1525 5806 Petu
1539 5747 1653 5806 Amem-

761 5260 846 5333 ignes
869 5259 932 5332 plus
1023 5253 1065 5327 (a)
1086 5255 1147 5311 Hoc
1169 5255 1232 5310 loco
1251 5253 1358 5311 indicat
1375 5252 1509 5312 Onuirius
1531 5261 1658 5310 veterem
1679 5250 1781 5307 librom
