3952 6188
199 342 259 402 807
662 336 841 399 HONORII
863 335 908 397 111
929 335 1078 396 OPERA.
1092 362 1134 379 -
1148 333 1381 397 subitonus.
1794 338 1857 398 808

201 498 341 578 quilibet
358 499 531 575 tyrannus,
545 512 604 558 seu
619 495 733 558 mundi
748 496 870 568 socius,
889 493 999 558 tribu-
1052 491 1249 565 meretricis,
1266 494 1303 554 ut
1324 491 1429 555 nollet
1443 491 1624 569 aliquando
1646 491 1854 557 erubescere

200 596 342 660 lationes
354 594 528 656 inferendo
545 593 655 656 eliste
671 593 854 656 vincendus
875 593 926 655 θεῖ
939 607 996 653 εθ-
1046 591 1117 666 jam
1130 590 1165 651 in
1180 589 1258 651 sede
1273 589 1419 666 pudoris,
1436 591 1531 661 idest,
1557 590 1666 652 tronto
1680 606 1854 653 verecun-

201 693 343 755 cundum
359 692 460 753 illud:
484 692 598 755 Nolite
613 692 737 765 timere
755 706 814 754 eos
831 693 890 765 pai
908 693 997 751 occi·
1051 684 1140 747 diam
1154 685 1322 762 preferat,
1338 687 1371 748 et
1380 686 1555 747 erubescat
1563 686 1598 747 in
1611 686 1665 747 his
1680 688 1718 748 in
1730 687 1854 764 quibus

199 792 285 854 duat
306 805 432 866 empus
457 788 588 869 (Matth.
613 806 652 861 x,
678 788 743 867 28).
773 789 832 850 ut:
857 788 996 864 Dtltpttc
1050 782 1180 843 nullum
1202 782 1318 843 habuit
1338 782 1492 856 fructum,
1507 786 1650 860 neojam
1674 784 1853 846 erubescat

199 892 356 951 inimicos
394 888 550 959 cestros,
589 888 623 949 et
661 901 731 948 aaa
771 886 996 958 oosaaeta'psoa
1050 896 1137 952 eum,
1161 880 1217 957 (illi
1246 880 1455 942 confitebitur
1484 881 1593 958 ipsum
1618 897 1734 942 coram
1758 886 1853 959 patro
1942 952 1946 958 ,

132 993 137 1005 ’
200 984 330 1064 (Matth.
351 1001 401 1056 111,
417 984 484 1063 44).
500 985 631 1045 Tertius
650 983 756 1044 hostis
776 983 883 1054 nocet,
911 982 997 1044 idest
1050 992 1120 1037 suo.
1155 979 1234 1038 Haec
1266 979 1318 1039 est
1348 977 1494 1039 visitatio
1528 978 1674 1040 dexterae
1710 979 1849 1053 excelsi,

198 1082 350 1144 diabolus
368 1082 567 1143 tentationes
587 1081 807 1157 suggerendo,
824 1095 921 1156 quem
940 1094 997 1140 re-
1049 1074 1181 1150 quaudo
1204 1076 1359 1152 peccator
1377 1091 1437 1151 per
1459 1076 1689 1152 poenitentiam
1708 1079 1743 1138 et
1764 1092 1849 1138 con-

198 1180 322 1257 pellere
350 1179 507 1240 dehemus
535 1176 805 1254 suggestionibus
830 1192 897 1237 non
914 1192 998 1237 con·
1048 1170 1217 1232 tutionem
1229 1172 1338 1233 cordis
1348 1172 1507 1250 relinquit
1516 1171 1687 1233 diabolum
1697 1174 1732 1234 et
1741 1173 1851 1236 adhae·

198 1277 381 1350 sentiendo,
398 1276 484 1338 sicut
498 1277 657 1353 scriptum
672 1275 723 1337 est
737 1297 745 1335 ε
759 1274 873 1337 Nolite
885 1279 996 1335 locam
1049 1269 1100 1329 ret
1113 1268 1254 1340 Christo,
1269 1267 1410 1345 despicit
1424 1269 1592 1331 mundana
1606 1272 1641 1332 et
1660 1270 1802 1344 caduca,
1817 1273 1850 1336 et

197 1378 432 1445 aureamento,
443 1378 503 1436 sea
517 1374 680 1445 resistite,
692 1374 728 1434 et
738 1372 885 1448 suppetas
901 1374 995 1433 papis
1050 1364 1158 1441 diligit
1172 1365 1320 1427 ooelostia
1333 1365 1367 1427 et
1381 1367 1519 1428 aeterm.
1534 1366 1574 1428 ut
1587 1369 1668 1428 tunc
1687 1369 1848 1430 Dominus

203 1472 300 1552 (Eph.
317 1488 361 1543 ru,
378 1474 417 1532 27
431 1469 641 1549 3Jac.1v‚7).
1048 1462 1141 1523 uadit
1155 1462 1191 1522 in
1213 1462 1381 1524 civitatem
1396 1463 1506 1537 Naim,
1522 1463 1656 1542 quando
1671 1464 1723 1526 sic
1737 1465 1851 1529 visitat

238 1569 417 1631 Videamus
427 1569 540 1645 igitur,
550 1567 714 1644 quomodo
727 1565 887 1628 Dominus
897 1569 995 1629 Josus
1049 1574 1184 1620 carnem
1198 1560 1359 1622 nostram.

197 1667 299 1727 radat
312 1667 348 1726 in
367 1666 535 1727 civitatem
554 1664 663 1736 Naim,
680 1664 777 1735 idest,
798 1664 840 1725 ad
860 1680 995 1725 carnem
1092 1657 1242 1718 aeaeae
1259 1671 1339 1718 cam
1354 1661 1409 1719 itio
1423 1660 1579 1733 discipali
1597 1660 1675 1730 ejus
1688 1660 1727 1720 et
1751 1660 1851 1722 icardo

199 1765 390 1825 humanam.
404 1765 496 1823 Tunc
509 1762 669 1822 Dominus
682 1760 775 1822 vadit
795 1760 926 1837 quando
943 1761 996 1822 ui·
1049 1756 1185 1827 copiosa
1204 1752 1288 1832 (Luc
1309 1769 1369 1825 vu,
1390 1752 1437 1834 2).
1459 1754 1620 1831 Discipuli
1646 1755 1807 1821 dicuutur
1830 1773 1850 1820 a

199 1861 278 1936 sliat
298 1875 383 1931 eam,
402 1859 489 1921 idest
501 1857 692 1934 compungit
703 1873 777 1918 eam
789 1858 908 1918 timore
921 1874 994 1926 suo,
1049 1849 1217 1911 discendo.
1240 1851 1402 1928 Discipuli
1418 1852 1496 1913 sunt
1514 1852 1615 1913 timor
1631 1855 1667 1914 et
1681 1869 1791 1926 amor,
1807 1855 1851 1916 ti-

200 1959 232 2020 et
245 1957 412 2018 illuminat
427 1957 520 2017 illam
533 1956 627 2016 radio
646 1971 715 2016 suae
727 1955 993 2027 illuminationis,
1049 1962 1122 2008 mor
1137 1963 1244 2024 poenae
1258 1948 1393 2017 inferni,
1406 1949 1442 2010 et
1454 1964 1549 2011 amor
1563 1950 1711 2011 ccelesiis
1719 1950 1849 2026 gloriae.

200 2058 233 2118 et
262 2055 481 2132 inspiratione
512 2053 655 2130 Spiritus
685 2053 810 2113 Sancti
845 2051 939 2113 Unde
960 2052 996 2112 in
1049 2047 1151 2107 Amor
1171 2045 1271 2107 dicit:
1288 2049 1397 2108 Credo
1415 2049 1534 2108 cidere
1553 2049 1639 2109 oona
1654 2052 1849 2110 Dominiin

200 2153 330 2215 cantico
345 2153 515 2214 zacharie
531 2173 539 2212 ι
558 2152 797 2213 vastaveras
816 2154 933 2213 artem
949 2165 996 2212 aa
1051 2141 1150 2203 terra
1165 2144 1355 2204 viventium
1374 2142 1444 2222 (ps.
1464 2145 1515 2216 26,
1538 2142 1604 2221 30)·
1622 2144 1713 2206 Vel:
1735 2145 1848 2206 Disci-

199 2252 268 2314 aito
283 2249 376 2330 (Luc.
393 2266 416 2323 1,
433 2248 499 2329 78).
1051 2239 1152 2316 cipuli
1162 2239 1346 2302 dicuntura
1356 2240 1543 2318 disciplina.
1556 2241 1851 2319 DiscipuliChristi

241 2350 389 2422 Quatuor
403 2347 510 2409 modis
524 2346 671 2410 visitatio
684 2345 877 2423 completur.
891 2343 999 2406 Euhi-
1050 2335 1185 2399 suerunt
1202 2337 1351 2416 Apostoli
1377 2328 1409 2399 et
1436 2338 1555 2399 sancti.
1580 2341 1621 2401 Εῖ
1643 2355 1708 2400 nos
1736 2357 1852 2401 sumus

199 2445 326 2509 bilione
344 2446 517 2524 praecepti,
542 2445 722 2522 asperitate
739 2444 874 2519 flagelli,
897 2441 996 2503 novi·
1051 2433 1205 2512 discipuli
1221 2434 1353 2507 Christi,
1370 2435 1399 2495 Si
1414 2435 1572 2496 discimus
1594 2436 1635 2496 ab
1650 2453 1692 2498 00
1713 2437 1794 2514 quid
1810 2438 1852 2498 sit

198 2545 267 2607 tate
297 2543 463 2616 miraculi,
494 2544 528 2604 et
549 2542 770 2618 inspiratione
795 2540 918 2601 subtili.
950 2541 997 2600 De
1051 2530 1250 2605 faciendum,
1273 2532 1353 2610 quid
1380 2532 1577 2604 eamdam,
1605 2533 1684 2610 quid
1712 2532 1851 2610 fugien-

202 2643 310 2719 primo
346 2641 482 2716 legitur,
517 2640 553 2701 in
592 2638 796 2715 Evangelio:
829 2638 998 2711 lustramus
1051 2628 1140 2701 dum,
1155 2629 1279 2707 etquid
1294 2629 1539 2691 sitamandum.
1557 2632 1642 2696 outa
1653 2631 1853 2704 sttsacien-

200 2753 311 2810 eraaa,
329 2739 362 2799 et
380 2737 549 2798 visitastis
567 2752 642 2809 aaa·
657 2740 695 2797 ta
715 2751 867 2808 carcere,
885 2735 919 2796 et
934 2749 997 2795 ve·
1051 2729 1144 2798 dam,
1161 2726 1224 2790 hoc
1238 2727 1288 2788 est
1302 2727 1429 2789 servire
1447 2727 1587 2811 Domino
1610 2728 1645 2787 in
1661 2727 1852 2790 humilitate

203 2837 305 2897 aistis
321 2837 367 2896 ad
382 2849 438 2895 me
454 2832 583 2903 (Matth.
608 2849 687 2904 xxv,
703 2832 768 2911 38).
786 2834 833 2893 De
851 2831 996 2893 secundo
1051 2825 1085 2886 et
1105 2823 1369 2887 mansuetudine.
1395 2825 1489 2887 Unde
1507 2825 1579 2902 ipse
1602 2825 1650 2886 ait
1677 2825 1715 2885 in
1740 2828 1851 2887 Euan-

202 2934 251 2994 ait
263 2931 426 2994 ieremias
439 2945 514 2990 cum
529 2928 768 3004 affligeretura
783 2928 909 2989 Judaeis
924 2948 931 2986 :
949 2930 998 2989 Pa
1051 2921 1140 2997 gelio
1152 2938 1160 2976 z
1173 2922 1302 2984 Discite
1316 2938 1339 2983 e
1356 2937 1412 2984 me
1426 2926 1508 2997 pata
1527 2923 1624 2984 mdia
1637 2938 1719 2984 sum
1734 2924 1769 2984 et
1782 2927 1848 2985 au·

202 3035 281 3102 scis,
297 3032 454 3100 Domine,
467 3030 654 3089 recordare
672 3029 752 3087 met.
774 3025 882 3086 Visite
894 3039 950 3086 me
964 3026 998 3086 et
1051 3021 1144 3081 mitis
1155 3021 1258 3080 corde
1274 3016 1404 3098 (Matth.
1420 3018 1547 3099 11129).
1563 3020 1639 3081 Non
1661 3019 1765 3081 dixit:
1781 3020 1851 3081 dis·

200 3142 285 3190 erae
301 3142 357 3188 me
370 3129 412 3187 ab
432 3129 485 3187 ais
499 3128 558 3199 pai
580 3122 839 3197 persequantur
856 3137 913 3183 me
928 3122 999 3200 (Je-
1052 3115 1116 3176 oito
1136 3131 1156 3176 a
1179 3130 1233 3177 me
1255 3115 1375 3176 coelum
1395 3131 1521 3187 creare,
1548 3116 1676 3177 terram
1695 3116 1845 3189 fundare,

201 3241 284 3287 rem.
298 3242 354 3294 xv,
367 3224 428 3299 15).
442 3224 482 3285 ut
495 3220 669 3283 inPsalmo
681 3221 745 3300 (88,
759 3218 833 3300 33):
852 3220 999 3282 Visitabo
1052 3212 1200 3274 mortuos
1223 3213 1398 3284 suscitare,
1421 3212 1478 3273 sod
1501 3214 1622 3274 discite
1642 3228 1666 3274 a
1692 3228 1748 3274 me
1767 3217 1850 3288 puio

200 3327 238 3384 ia
253 3327 354 3397 otrpa
369 3321 569 3395 iniquitates
588 3334 721 3390 comam,
742 3318 776 3380 et
792 3320 829 3379 ta
843 3319 1000 3378 oerberi-
1052 3311 1149 3371 mttis
1161 3325 1240 3372 sum
1256 3310 1290 3370 et
1301 3313 1439 3372 hamdis
1452 3312 1566 3383 corde,
1581 3309 1660 3387 qiua
1675 3314 1785 3388 majus
1799 3312 1849 3372 est

201 3424 262 3483 aas
273 3420 414 3495 peccata
423 3432 556 3481 eoram.
569 3418 615 3476 De
626 3416 725 3477 tertio
736 3415 818 3476 dicit
830 3414 948 3475 Petrus
962 3413 999 3474 in
1053 3407 1187 3484 propter
1201 3406 1420 3469 humilitatem
1430 3407 1463 3469 et
1478 3407 1770 3468 mansuetudinem
1782 3408 1850 3468 ani·

201 3518 337 3581 Actibus
358 3515 610 3593 Apostolorum:
628 3512 878 3583 Paenitentiam
893 3511 997 3587 cpite,
1052 3519 1140 3565 mam
1174 3503 1362 3576 vivificare,
1391 3519 1489 3581 quam
1518 3504 1639 3565 coelum
1666 3506 1700 3566 et
1726 3505 1851 3566 terram
1966 3536 1967 3547 κ

201 3617 235 3678 et
263 3614 457 3689 baptizetur
492 3614 726 3686 enusquisque
758 3609 1000 3671 vestrumst
1053 3599 1202 3662 fundare·
1222 3600 1316 3673 Quia,
1339 3602 1373 3662 et
1396 3600 1425 3661 si
1448 3600 1531 3661 illud
1555 3601 1607 3663 est
1625 3601 1765 3678 map'oris
1790 3617 1852 3679 po-
1966 3614 1967 3691 3

201 3712 365 3787 opposita
385 3710 467 3771 suat
487 3712 525 3769 ta
549 3711 604 3769 die
627 3708 689 3768 ttta
709 3711 837 3769 aalma
858 3706 1000 3767 circiter
1055 3698 1177 3770 lentim
1190 3698 1280 3759 istud
1293 3701 1404 3760 tamen
1417 3698 1468 3759 est
1481 3698 1621 3776 majoris
1635 3699 1764 3775 gratiae.

202 3811 274 3870 tria
293 3811 401 3868 mittio
419 3802 504 3882 (Art.
532 3819 568 3874 11,
591 3806 643 3875 38,
667 3805 730 3879 41).
752 3806 799 3864 Ι)θ
822 3803 939 3878 quarto
963 3802 998 3862 in
1095 3795 1272 3873 Sequitur:
1288 3796 1334 3857 ut
1355 3795 1457 3855 turca
1474 3798 1622 3868 copiosa.
1634 3793 1744 3855 Turba
1756 3793 1852 3856 dici·
1966 3826 1967 3853 l

201 3905 334 3969 Psalmo
352 3901 438 3982 (105,
453 3900 621 3982 t):Vistta
639 3903 1000 3973 praeparamenta
1052 3892 1108 3953 tur
1133 3908 1153 3952 a
1176 3891 1350 3955 turbando.
1384 3890 1541 3968 Legimus
1562 3891 1649 3970 quod
1679 3890 1750 3953 tres
1774 3892 1854 3953 sunt
1966 3872 1967 3957 s

201 4003 352 4066 taritao.
1052 3988 1244 4068 turbaequae
1263 3987 1397 4051 turbant
1412 3988 1589 4050 hominess
1614 3988 1723 4066 prima
1745 3990 1852 4051 ritio-
1966 4074 1967 4077 Ἴ

241 4104 343 4162 Item:
360 4096 623 4160 Dominusvadit
636 4095 677 4157 ad
697 4094 864 4157 civitatem
884 4092 996 4167 Naim,
1053 4102 1138 4159 rum,
1155 4085 1301 4148 secunda
1318 4085 1567 4162 cogitationum,
1582 4084 1683 4147 teriia
1697 4086 1852 4163 negotio-

201 4198 330 4276 quoties
345 4211 423 4258 caro
436 4196 550 4256 nostra
566 4193 794 4255 sanohdcatur
808 4192 841 4254 et
859 4190 999 4267 castiga·
1052 4199 1136 4245 rum.
1153 4183 1216 4245 Sed
1231 4182 1328 4245 turba
1342 4183 1405 4244 ista
1421 4199 1488 4244 non
1508 4182 1621 4245 turbat
1642 4182 1703 4243 sed
1716 4182 1853 4244 consor-

199 4298 256 4360 tur
269 4311 330 4374 per
347 4293 528 4373 jejunium,
549 4292 733 4353 orationem
752 4291 785 4352 et
809 4288 998 4364 largitatem
1051 4281 1109 4353 tat,
1125 4282 1203 4360 quia
1218 4281 1268 4343 est
1290 4282 1482 4342 sanctorum
1497 4280 1530 4341 et
1543 4279 1753 4356 angelorum,
1770 4281 1855 4342 siout

200 4395 487 4470 eleemosynarum
502 4392 535 4452 et
553 4389 687 4461 similia,
706 4388 804 4449 toties
822 4386 915 4448 vadit
937 4387 999 4446 Do·
1052 4378 1133 4439 dicit
1152 4380 1297 4441 Joannos
1317 4377 1353 4438 in
1376 4377 1579 4454 apocalysi:
1618 4379 1694 4437 Vidi
1713 4377 1854 4439 turbam

200 4493 312 4557 minus
330 4490 372 4553 ad
387 4489 555 4551 civitatem
567 4487 678 4558 Naim,
692 4485 789 4556 idest,
805 4483 847 4545 ad
863 4498 998 4545 earnem
1051 4489 1216 4552 moeream
1228 4489 1333 4550 paam
1354 4477 1579 4536 dinumerare
1598 4487 1701 4534 aeaco
1713 4474 1856 4548 poteret

201 4591 360 4652 nostram.
382 4587 476 4649 Unde
495 4584 692 4662 Apostolus:
707 4583 753 4644 Et
776 4583 821 4643 act
839 4596 919 4643 eam
934 4595 997 4642 oe·
1053 4587 1099 4634 ea
1111 4575 1267 4635 amatam
1275 4571 1432 4648 pentibus
1441 4570 1475 4632 ei
1485 4573 1633 4644 populis,
1647 4569 1683 4630 et
1698 4570 1855 4654 imbribus

201 4691 348 4758 amanus,
361 4686 396 4746 et
406 4687 624 4744 mansionem
636 4683 729 4756 apud
742 4694 820 4741 eam
831 4680 999 4753 foetemus
1052 4671 1086 4732 et
1110 4672 1248 4746 linguis,
1274 4667 1408 4730 stantes
1432 4666 1513 4729 ante
1540 4667 1706 4729 thronum
1732 4664 1850 4746 (Apoc.

203 4782 395 4862 (icauna,
411 4779 477 4858 23).
494 4780 534 4840 ut
545 4780 623 4857 quia
638 4778 750 4839 omnia
759 4775 906 4838 membra
921 4791 999 4836 nos·
1052 4782 1114 4839 vn,
1126 4764 1172 4846 9).

201 4883 254 4942 tra
269 4878 403 4940 luerunt
414 4892 508 4937 arma
529 4875 731 4953 iniquitatis,
745 4874 831 4934 sicut
843 4872 999 4950 exhibui·
1092 4867 1178 4926 Cum
1192 4862 1311 4924 autem
1321 4860 1617 4935 appropinquaret
1631 4859 1750 4935 portce
1767 4864 1855 4922 ctat·

106 5020 109 5025 -
201 4993 276 5040 mus
294 4992 334 5037 ea
351 4974 478 5037 servire
492 4971 711 5035 immunditiae
729 4972 762 5031 et
776 4969 943 5047 iniquitati
956 4970 998 5032 ad
1054 4963 1198 5024 tatis.....
1228 4956 1322 5038 (Luc.
1344 4972 1405 5030 vn,
1433 4954 1496 5037 12).
1526 4958 1634 5018 Portae
1653 4957 1757 5033 hujus
1771 4957 1857 5019 citi·

200 5074 421 5153 iniquitatem,
435 5072 483 5133 ita
502 5086 591 5131 nunc
605 5066 788 5131 secundum
806 5068 998 5143 Apostolum
1052 5058 1130 5121 tatis
1145 5056 1301 5118 dicuntur
1322 5055 1425 5132 porte
1447 5052 1575 5121 mortis,
1600 5052 1680 5130 quia
1695 5069 1788 5115 mors
1801 5054 1856 5115 in·

201 5172 418 5236 exhibeamus
434 5167 616 5231 assentire
631 5163 772 5241 justitiae
797 5163 832 5223 in
847 5164 999 5227 sanctifi·
1052 5156 1120 5218 trat
1130 5169 1190 5233 per
1203 5153 1305 5231 ipsas,
1318 5150 1406 5213 uude
1420 5150 1455 5212 in
1467 5150 1622 5211 Psalmo:
1639 5151 1705 5216 oei
1717 5152 1856 5213 aecum

201 5273 332 5334 catione
356 5267 466 5348 (Rom.
494 5281 547 5336 m,
577 5261 641 5341 19).
668 5263 769 5339 Cujus
793 5277 872 5337 ergo
901 5253 1000 5338 caput
1052 5268 1108 5315 me
1131 5255 1172 5337 cte
1188 5252 1303 5325 portis
1325 5249 1449 5311 mortis
1474 5245 1544 5327 (Ρε.
1569 5247 1600 5319 9,
1624 5244 1688 5326 15).
1712 5247 1806 5309 Vitia
1823 5247 1856 5308 et
1966 5274 1967 5337 3

201 5370 281 5431 olim
297 5379 523 5444 supergressae
537 5361 615 5422 sunt
625 5358 830 5436 iniquitates,
844 5360 916 5436 jam
931 5374 998 5419 un-
1054 5351 1189 5428 pecoata
1204 5347 1361 5409 dicuntur
1381 5345 1485 5423 portae
1505 5343 1631 5415 mortis,
1648 5344 1728 5420 quia
1742 5360 1853 5421 parea
1966 5350 1967 5385 ³

202 5469 259 5542 gat
273 5467 372 5542 caput
386 5477 482 5523 suum
495 5460 569 5522 oleo
579 5455 704 5521 laetitiae
719 5457 753 5518 et
769 5456 996 5529 exultationis,
1053 5448 1157 5509 intrat
1171 5461 1272 5531 mors,
1287 5443 1373 5507 idest
1382 5441 1545 5513 diabolus,
1562 5439 1649 5501 siout
1662 5439 1746 5502 dicit
1760 5443 1854 5504 tere-
1966 5468 1967 5529 3

202 5565 236 5624 et
252 5564 351 5639 juxta
376 5558 537 5635 sapientis
563 5553 740 5616 consilium
752 5618 756 5623 ,
768 5567 881 5615 coram
914 5568 998 5614 cano
1055 5545 1140 5606 mias
1154 5564 1161 5603 :
1177 5542 1275 5603 Mors
1289 5537 1512 5612 tatroottper
1527 5536 1702 5612 fanestras
1714 5537 1853 5600 nostros

203 5660 312 5735 capite
329 5655 469 5719 inclinet
489 5653 589 5732 caput
611 5666 718 5715 suum.
737 5649 798 5714 Cui
813 5651 885 5715 erat
906 5648 999 5715 frons
1055 5635 1384 5723 (Jer.1x,21).utin
1404 5634 1537 5702 Psalmo
1554 5655 1562 5696 a
1586 5633 1761 5697 contrave
1768 5648 1853 5715 poa·-
