3952 6188
178 322 190 357 ,
219 273 282 335 roa
685 267 861 328 aeuoan
882 266 929 326 111
948 265 1096 328 orsus.
1114 298 1154 313 -
1169 268 1402 331 sennense.
1820 270 1878 330 soa
1967 311 1968 338 2

219 432 376 495 inventus
408 431 444 492 ut
473 429 583 491 hemo.
614 428 709 489 Hanc
736 426 857 487 stolam
889 425 922 486 et
955 423 1018 487 hoc
1111 430 1177 489 Per
1201 427 1322 504 iguem,
1346 426 1553 504 significatur
1583 426 1783 501 tribulatum
1814 443 1876 504 per

220 528 358 607 pallium
385 527 467 587 iavit
498 526 534 585 in
567 524 658 595 vino,
695 522 731 583 iu
753 521 917 597 sauguine
931 537 1016 613 uva,
1072 541 1193 602 aquam
1231 526 1406 603 cupiditas,
1428 526 1498 586 sire
1529 525 1644 586 carnis
1678 526 1874 587 delectatio.

221 626 318 697 idest,
353 625 389 684 iu
424 622 587 698 sanguiue
621 620 772 698 proprio,
819 618 898 696 quia
932 619 1019 679 sicut
1072 625 1142 683 Nos
1156 624 1371 684 transivimus
1385 623 1569 699 perignem
1586 624 1621 684 et
1635 638 1773 700 aquam,
1792 624 1869 698 quia

220 723 344 785 dicitur
358 721 395 782 in
412 719 643 782 benedictione
660 717 768 779 cerei:
784 715 908 777 «Nihil
923 715 1017 776 uobis
1072 720 1251 797 aliquando
1273 719 1455 795 affligimur
1473 719 1752 783 tribulationibus
1771 720 1874 797 hujus

221 819 315 880 nasci
336 817 543 887 contulisset,
566 815 632 876 nisi
656 814 776 875 redimi
794 811 1018 891 profuisset.»
1072 818 1197 889 munli,
1211 817 1389 894 aliquando
1403 820 1569 879 tentamur
1579 817 1825 894 cupiditatibus
1841 823 1874 878 et

222 920 261 979 Et
274 916 473 993 Apostolus:
495 916 647 986 Proprie
668 915 757 973 suro
778 926 842 971 suo
865 924 933 971 uon
955 925 1019 985 pc·
1072 915 1310 976 tentationibus
1330 916 1453 985 carnis
1480 915 1538 975 sed
1561 914 1723 976 Dominus
1742 915 1871 975 inducit

221 1015 472 1088 ncrcitDeus...
487 1010 596 1089 (Rom.
611 1025 687 1075 vm,
705 1007 772 1088 32).
793 1010 875 1068 ltem
894 1006 1017 1068 inalbo
1073 1029 1133 1073 nos
1158 1013 1193 1074 in
1221 1012 1444 1087 refrigerium,
1467 1011 1577 1073 dando
1605 1011 1869 1073 consulationem

220 1113 332 1172 colore
348 1126 432 1170 rosae
449 1105 751 1184 significaturquod
766 1120 905 1181 corpora
918 1103 1019 1165 bonu·
1071 1110 1106 1171 in
1121 1110 1278 1186 praesenti
1294 1112 1327 1171 et
1345 1109 1561 1185 temperando
1575 1109 1692 1169 canus
1702 1108 1868 1170 ardorem.

221 1210 334 1268 rumet
346 1208 536 1267 sauctorum
545 1203 762 1279 resurgentia
774 1201 1018 1263 resurrectione
1074 1206 1167 1268 Unde
1199 1207 1341 1282 legimus
1367 1206 1402 1267 iu
1430 1206 1585 1278 Daniele,
1616 1205 1706 1283 quod
1732 1206 1870 1282 augelsu

222 1306 294 1366 sine
307 1304 376 1366 ullo
391 1304 484 1374 vitiu,
496 1304 570 1364 sine
582 1302 651 1362 ulla
661 1299 880 1370 deformitate,
895 1300 928 1360 et
945 1299 1019 1360 sine
1073 1304 1204 1366 Domini
1217 1303 1389 1366 descendit
1399 1320 1475 1365 cum
1491 1305 1611 1366 Azaria
1628 1306 1663 1364 et
1683 1303 1787 1364 sociis
1800 1307 1871 1380 ejus

223 1403 291 1464 ulla
306 1401 529 1478 corruptione,
551 1398 699 1461 eferunt
719 1396 841 1457 munda
862 1395 904 1456 ab
927 1396 1017 1457 omni
1072 1402 1107 1462 in
1129 1401 1274 1474 fornace,
1288 1404 1322 1463 et
1346 1400 1426 1463 lecit
1448 1401 1593 1462 medium
1611 1400 1870 1477 fornacisquasi

221 1502 368 1577 peccate.
386 1499 479 1561 Unde
496 1497 693 1574 Apostolus:
718 1499 842 1556 Omrscs
855 1508 1019 1571 resurge·
1071 1501 1207 1560 ventum
1218 1499 1307 1560 roris
1321 1497 1419 1577 (Dan.
1434 1514 1485 1567 111,
1499 1497 1566 1576 50).
1582 1498 1736 1573 Angelus
1762 1498 1868 1572 signi-

220 1613 311 1669 mus,
327 1601 388 1660 scd
401 1612 471 1658 :rou
487 1610 605 1657 omisca
621 1592 883 1654 immutabimur
898 1590 928 1670 (l
942 1592 1015 1653 Cor.
1072 1596 1150 1658 ilcat
1163 1597 1345 1671 Christum3
1357 1596 1494 1657 Azarias
1508 1596 1543 1657 et
1553 1595 1639 1657 socii
1653 1598 1743 1671 ejus,
1759 1610 1869 1656 omues

221 1710 281 1763 xv,
296 1694 441 1773 51).Ηοο
455 1693 579 1753 dictum
594 1693 645 1752 est
658 1705 719 1767 pro
731 1688 838 1749 malis.
851 1688 928 1765 quia
943 1703 1020 1748 cor-
1071 1692 1193 1768 h0n0s3
1215 1693 1347 1764 fornax,
1366 1693 1592 1753 mundumaut
1612 1707 1773 1763 caruem3
1787 1691 1868 1766 iguis

222 1807 304 1870 pora
327 1806 443 1852 eorum
468 1806 535 1850 nou
563 1787 835 1848 immutabuntur.
862 1784 957 1846 Unde
982 1785 1018 1846 in
1072 1790 1230 1856 fornacis.
1256 1789 1488 1851 tribulationes
1509 1788 1625 1849 mundi
1648 1788 1705 1849 rel
1719 1787 1869 1849 ardorem

222 1887 402 1964 Evangelio
414 1886 566 1962 legimus,
581 1884 667 1961 quod
684 1883 880 1944 vestimenta
895 1882 1019 1943 Christi
1072 1886 1194 1948 carnis.
1206 1885 1440 1962 Angeluslacit
1451 1885 1596 1946 medium
1611 1884 1766 1946 fornacis
1779 1884 1868 1961 quasi

221 1985 401 2047 factasunt
416 1981 739 2052 candidasicutnix,
757 1978 1019 2054 intransdgura-
1071 1987 1206 2045 ventum
1230 1984 1334 2055 roris,
1362 1983 1494 2059 quando
1522 1983 1597 2059 post
1618 1981 1868 2042 tribulationem

221 2084 324 2146 tione.
360 2082 566 2143 Vestimenta
605 2078 729 2139 Christi
768 2078 845 2137 sunt
878 2090 1018 2153 corpora
1073 2080 1129 2142 dat
1143 2096 1268 2157 pacem,
1294 2083 1368 2157 post
1388 2080 1501 2141 cuuis
1520 2078 1709 2150 libidinem,
1733 2078 1871 2152 refrige-

222 2183 412 2243 sanctorum
436 2180 470 2241 et
498 2178 671 2239 bonorum.
697 2176 791 2238 Unde
817 2189 875 2251 per
895 2174 1018 2234 Isaiam
1072 2179 1160 2239 rium
1174 2178 1349 2239 castitatis.
1366 2178 1404 2237 In
1417 2175 1528 2237 futuro
1541 2176 1679 2237 inducet
1691 2192 1757 2237 uos
1771 2176 1807 2235 in
1820 2190 1871 2234 re·

222 2279 428 2358 prophetam,
437 2279 535 2338 Pater
546 2275 691 2352 loquitur
700 2272 742 2334 ad
753 2273 875 2334 Filium
885 2271 1017 2332 dicens:
1073 2274 1258 2350 frigerium,
1283 2273 1414 2351 quando
1438 2272 1625 2333 introducet
1638 2272 1777 2333 animas
1792 2286 1870 2331 uos

223 2378 385 2439 omuibus
409 2378 462 2435 bis
491 2373 583 2434 vetut
618 2370 823 2434 vestimento
846 2369 1017 2430 cerneris.
1074 2375 1143 2433 tras
1157 2371 1199 2432 ad
1215 2371 1349 2432 coeleste
1363 2370 1535 2447 palatium.

223 2473 358 2537 Rubeus
385 2472 478 2534 color
505 2484 591 2531 rosae
623 2468 790 2544 signiilcat
824 2464 1019 2542 mamymum
1115 2472 1235 2530 Forma
1250 2483 1336 2529 rosae
1354 2468 1407 2528 est
1423 2465 1735 2542 iuferiusangusta,
1759 2468 1794 2528 et
1814 2484 1869 2527 su·

223 2585 400 2648 corporum
414 2570 615 2638 nostrorum,
638 2565 729 2627 aliud
750 2565 852 2635 intus,
871 2562 962 2624 aliud
979 2563 1020 2623 de
1075 2567 1188 2645 perias
1213 2565 1342 2643 ampla3
1367 2564 1402 2625 et
1422 2563 1589 2639 siguificat
1610 2563 1702 2639 quod
1721 2563 1868 2624 Christus

223 2668 317 2729 foris.
334 2667 437 2737 Intus,
460 2680 520 2742 per
538 2663 801 2740 compassionem
820 2660 951 2733 mentis,
966 2660 1019 2721 rel
1075 2679 1202 2743 pauper
1214 2663 1278 2725 fuit
1291 2663 1326 2724 in
1341 2661 1480 2732 munde,
1496 2659 1556 2721 sed
1567 2662 1619 2721 est
1632 2661 1799 2722 Dominrrs
1813 2678 1869 2722 su-

224 2763 386 2843 proximi3
408 2762 489 2821 loris
504 2776 563 2837 per
581 2760 794 2820 afflictionem
814 2758 936 2820 caruis.
956 2760 1021 2819 Per
1075 2778 1135 2840 per
1148 2761 1271 2831 omnia,
1288 2760 1344 2837 qui
1359 2758 1474 2835 implet
1487 2758 1655 2819 universa.
1679 2760 1767 2819 Item
1789 2759 1871 2819 sicut

225 2859 488 2938 compassionem
503 2858 623 2917 mentis
635 2856 795 2931 affligitur
811 2855 958 2932 spiritus,
975 2855 1022 2916 di·
1075 2859 1181 2921 forma
1201 2873 1288 2919 rosae
1306 2858 1357 2917 est
1377 2855 1517 2917 tolenus
1536 2856 1692 2931 angusta,
1715 2860 1750 2918 et
1768 2872 1868 2932 supe-

223 2958 328 3021 eeudo
347 2972 422 3019 cum
441 2954 623 3031 Apostolo:
646 2953 729 3019 Quis
751 2953 965 3023 infirmatur,
988 2952 1022 3014 ct
1074 2957 1148 3018 rius
1172 2955 1297 3032 ampla,
1321 2954 1368 3015 ita
1388 2953 1528 3031 quilibet
1550 2952 1760 3013 christianus
1779 2953 1870 3014 debet

222 3070 286 3134 ego
311 3069 382 3116 uon
400 3054 581 3127 trtfimnort
602 3053 684 3117 Quis
701 3050 957 3111 scandalizatur
988 3050 1022 3111 et
1075 3055 1208 3115 terrena
1223 3050 1441 3128 vilipendere,
1456 3051 1490 3111 et
1504 3066 1651 3126 superna
1666 3050 1866 3110 desiderare.

223 3170 286 3231 ego
297 3167 367 3214 uon
380 3167 468 3213 uror
479 3149 527 3227 (ἸΙ
540 3151 614 3209 Cor.
632 3163 681 3220 xl,
699 3146 766 3225 29).
783 3146 917 3208 Rubeus
931 3145 1023 3207 color
1077 3148 1367 3227 UndeApostolus:
1382 3150 1613 3214 Quaerursum
1625 3148 1867 3221 suntque-ite,

224 3249 489 3325 rosaesigniticat
503 3245 712 3324 splendorem
735 3246 770 3306 et
790 3244 1024 3306 immortalita-
1076 3264 1154 3323 quoe
1176 3261 1318 3309 sursum
1335 3246 1417 3307 mut
1433 3246 1561 3320 sapite,
1581 3258 1655 3305 nou
1675 3260 1753 3318 quae
1768 3258 1871 3318 super

224 3353 289 3412 tem
305 3362 479 3424 corporum
493 3344 694 3406 nostrorum.
715 3341 808 3404 Unde
821 3341 1021 3419 Apostolus:
1078 3348 1212 3408 terram
1228 3343 1367 3422 (Coloss.
1382 3358 1432 3413 111,
1448 3340 1492 3419 1).

226 3446 366 3520 Oportet
381 3444 527 3506 mortale
541 3446 603 3504 boc
616 3442 760 3501 iuduere
774 3436 1022 3501 immortalita—
1117 3444 1207 3504 Rosa
1219 3439 1344 3501 Summi
1364 3438 1536 3500 pontificis
1554 3439 1607 3499 est
1618 3438 1872 3509 aurea,hahens

227 3546 297 3606 tem
312 3542 428 3614 (1C0r.
444 3557 501 3611 xo,
516 3540 582 3617 53),
598 3537 694 3609 idest,
711 3537 888 3613 oportetut
904 3551 1023 3612 corpus
1077 3539 1263 3601 balsamum
1296 3538 1329 3599 et
1362 3552 1524 3597 muscum.
1552 3538 1681 3597 Aurum
1709 3534 1875 3612 siguificat

227 3642 378 3700 nostrum
399 3635 539 3699 mortale
559 3634 618 3696 liat
635 3633 834 3696 immortale.
858 3636 899 3695 Et
917 3633 1022 3695 alibi:
1078 3636 1203 3698 Christi
1238 3634 1467 3705 divinitatem,
1502 3633 1689 3694 balsamum
1730 3634 1875 3692 animam

228 3734 444 3796 salvatorem
457 3732 682 3805 expectamus
699 3734 886 3792 Domtumn
905 3734 1026 3795 Jcsum
1079 3733 1214 3806 Christi,
1234 3748 1368 3794 muscus
1396 3746 1531 3793 caruem
1560 3730 1692 3791 Christi.
1724 3731 1764 3789 ln
1788 3744 1874 3789 auro

230 3830 406 3893 Christum
422 3826 561 3906 (Philip.
582 3842 632 3898 111,
652 3826 718 3904 20).
733 3826 823 3887 Odor
840 3842 927 3888 rosae
942 3844 1025 3889 sua·
1080 3829 1287 3906 significatur
1300 3828 1470 3900 diviuitas,
1487 3828 1567 3905 quia
1584 3828 1670 3889 sieut
1683 3842 1808 3887 aurum
1826 3828 1877 3886 est
1968 3904 1969 3907 Ἴ

228 3927 281 3989 vis
310 3926 376 3998 est,
403 3927 437 3987 et
461 3921 627 3986 confortat
653 3921 835 3984 cerebrum.
866 3924 1027 3985 Similiter
1080 3929 1259 4006 pretiosius
1277 3928 1311 3988 et
1333 3924 1539 4003 splendidius
1564 3925 1695 3986 caeteris
1718 3923 1874 3993 metallis,
1968 3922 1969 3935 ¹

230 4024 391 4086 memoria
405 4022 529 4083 Christi
547 4019 660 4081 suavis
675 4020 726 4081 est
740 4019 913 4081 animabus
928 4037 1028 4083 sane
1081 4027 1128 4087 ita
1143 4023 1301 4086 diviuitas
1316 4022 1440 4083 Christi
1452 4023 1503 4083 est
1515 4037 1617 4098 super
1630 4022 1758 4090 emnia,
1781 4021 1877 4081 etesi
1968 4018 1969 4069 ἓ

230 4123 290 4193 tis,
313 4122 347 4184 et
371 4117 537 4182 confortat
569 4133 628 4179 eas
654 4116 690 4178 iu
728 4117 883 4194 operibus
917 4117 1025 4181 honis.
1081 4121 1350 4200 splendidissima
1370 4120 1404 4181 et
1424 4120 1561 4181 aeterna.
1589 4122 1628 4179 In
1656 4118 1808 4179 balsamo
1831 4117 1877 4177 si·
1968 4128 1969 4159 ÷

232 4218 327 4283 Unde
341 4216 445 4280 David
462 4217 619 4278 :Meuwr
636 4217 689 4290 tut
707 4218 772 4277 Dei
790 4216 825 4277 et
841 4218 1028 4280 metatus
1081 4219 1258 4297 gnificatur
1276 4218 1400 4288 anima,
1416 4216 1495 4294 quia
1514 4216 1602 4277 sicut
1621 4214 1812 4276 balsamum
1829 4215 1876 4275 est
1968 4218 1969 4223 ’

231 4333 323 4382 sum.
1082 4316 1194 4378 carius
1207 4316 1242 4377 et
1265 4314 1443 4391 pretiosius
1464 4313 1595 4375 crateris
1615 4312 1817 4389 liquoribus,
1832 4311 1875 4371 ita

273 4417 366 4487 Item,
378 4414 465 4475 sicut
476 4426 554 4474 rosa
566 4411 679 4473 suavis
691 4411 743 4472 est
755 4411 797 4472 ad
810 4410 1026 4480 odorandum,
1083 4413 1194 4475 anima
1208 4412 1331 4478 Christi
1345 4410 1408 4471 fuit
1425 4411 1545 4471 melior
1558 4409 1715 4470 omnibus
1731 4409 1822 4470 aliis
1843 4410 1875 4468 lu

232 4514 279 4574 ita
295 4512 496 4574 christianus
518 4508 615 4571 debet
637 4524 712 4570 esse
733 4509 857 4581 suavis,
871 4508 978 4569 duleis
997 4512 1030 4571 et
1083 4525 1197 4571 musco
1214 4507 1422 4584 significatur
1436 4522 1515 4568 earo
1530 4507 1667 4577 Christi,
1684 4507 1780 4583 quia,
1797 4505 1877 4566 sicul

199 4653 207 4663 .
233 4608 387 4669 amabilis
399 4607 577 4667 universis.
602 4606 695 4668 Unde
707 4606 866 4668 Dominus
876 4606 914 4666 iu
926 4608 1030 4668 Eran—
1083 4622 1216 4668 muscus
1239 4606 1289 4666 est
1305 4604 1347 4666 de
1369 4619 1472 4665 earne
1493 4603 1665 4673 animalis,
1678 4606 1713 4664 et
1726 4601 1879 4665 diffundit

234 4703 344 4780 gello:
369 4703 494 4765 Discite
517 4718 606 4764 ame
627 4703 705 4781 quia
723 4704 814 4765 mitis
837 4718 923 4778 sum,
944 4703 1031 4766 idest
1084 4718 1219 4765 suavem
1234 4701 1380 4774 odorem,
1406 4701 1454 4762 ita
1473 4717 1550 4762 caro
1575 4701 1703 4761 Christi
1726 4700 1879 4761 luitnata

235 4800 365 4869 suavis,
390 4800 424 4860 et
448 4799 583 4860 humilis
606 4800 716 4862 corde.
739 4802 852 4863 Virtus
874 4818 959 4864 rosae
981 4803 1032 4863 est
1085 4801 1125 4862 de
1139 4799 1277 4875 Virgine
1289 4799 1407 4871 Maria,
1426 4801 1459 4860 et
1477 4798 1567 4859 dedit
1586 4797 1711 4859 mundo
1728 4798 1876 4858 salutem

235 4895 316 4956 dare
338 4893 550 4967 refrigerium
573 4898 690 4956 coutm
708 4896 863 4970 calorem,
886 4901 1032 4960 etcuns-
1084 4898 1125 4960 st
1142 4896 1228 4958 sieut
1257 4910 1390 4956 muscus
1418 4911 1485 4956 non
1509 4895 1666 4971 jungitur
1690 4910 1788 4966 auro,
1819 4891 1880 4953 nisi

237 4991 385 5064 tringere
399 4987 526 5047 fluxum
548 4989 720 5064 sanguinis
737 4991 808 5053 sive
824 4995 960 5056 ventris.
978 4995 1031 5056 Si·
1085 4992 1252 5056 mediante
1274 4991 1435 5065 balsamo,
1450 4993 1497 5053 ita
1510 5008 1589 5053 caro
1605 4990 1732 5054 Christi
1747 5008 1814 5052 uon
1828 5006 1882 5067 po·

237 5087 362 5149 militer
389 5083 423 5145 et
454 5083 603 5145 Christus
625 5085 681 5146 dat
702 5086 798 5149 nobis
821 5091 1031 5167 refrigerium
1084 5093 1148 5155 tuit
1164 5091 1262 5168 jungi
1285 5090 1464 5161 divinitati,
1478 5089 1546 5151 nisi
1568 5089 1682 5150 anima
1702 5089 1879 5150 mediante

238 5185 354 5247 contra
368 5179 580 5242 aduersitatis
596 5182 743 5256 pericula
757 5186 791 5248 et
800 5186 1032 5251 tribulationes
1124 5188 1245 5251 Aliter:
1269 5203 1388 5249 aurum
1413 5186 1580 5263 siguificat
1603 5188 1793 5263 potentiam
1821 5189 1883 5246 Pa-

238 5281 339 5356 hujus
354 5277 479 5349 mundi,
493 5277 526 5338 et
539 5279 655 5340 eontra
673 5280 810 5345 ardores
829 5285 1029 5362 cupiditatis.
1086 5286 1167 5357 tris,
1189 5300 1322 5345 muscus
1345 5283 1544 5361 sapientiam
1568 5282 1668 5353 Filii,
1696 5282 1882 5343 balsamum

241 5375 335 5438 Unde
360 5373 489 5436 Dauid:
515 5377 753 5440 rruuuormus
772 5394 840 5453 Der
864 5386 979 5458 ionem
998 5385 1032 5447 et
1086 5382 1282 5445 charitatem
1300 5381 1443 5458 Spiritus
1460 5379 1583 5442 Sancti.
1608 5381 1690 5441 Haec
1704 5380 1774 5442 tria
1789 5380 1883 5442 eruut

241 5485 379 5544 aquom,
409 5472 443 5532 ct
469 5472 639 5534 induruit
658 5487 722 5535 uos
744 5478 781 5536 tn
805 5481 1032 5556 refrigerium
1087 5480 1120 5540 in
1140 5493 1338 5556 unoquoque
1363 5478 1450 5540 bono
1475 5479 1510 5540 et
1530 5477 1648 5547 electo,
1676 5477 1760 5554 quia
1787 5477 1883 5539 Pater

244 5564 375 5645 (1³⁸-65,
391 5564 454 5643 12)·
1087 5572 1881 5655 dabiteipossequantumroluerit,Filiusdabit
