3952 6188
233 359 295 419 643

237 522 424 601 Baptismus
445 537 600 597 magnum
620 523 863 584 sacramentum
883 523 943 584 est.
966 524 1030 584 Sa-

237 624 443 681 cramentum
466 620 577 681 autem
605 621 656 681 est
681 634 786 681 sacrae
809 621 859 681 rei
888 621 1029 695 signum,

237 716 338 789 idest,
363 717 493 793 quando
522 733 625 777 unum
647 716 779 779 videtur
804 720 837 779 et
859 717 953 779 'aliud
979 719 1034 778 in-

237 814 409 890 telligitur.
433 814 525 875 Sicut
547 815 582 874 in
601 814 764 890 baptismo
784 814 916 877 videtur
932 831 1030 892 aqua,

238 913 271 973 ct
296 911 494 988 intelligitur
508 912 615 988 gratia
637 912 708 973 Dei.
729 913 814 973 Nam
838 913 924 975 sicut
945 928 1031 990 aqua

237 1009 327 1071 lavat
355 1010 470 1070 sordes
498 1009 647 1085 corporis
675 1010 894 1083 extrinsecus,
921 1010 970 1071 sic
999 1013 1032 1072 et

236 1107 296 1168 Dei
324 1107 432 1182 gratia
460 1104 597 1167 mundat
624 1108 759 1184 peccata
784 1107 904 1168 animae
940 1108 1030 1170 inte·

236 1206 318 1265 rius.
335 1205 522 1280 Baptismus
542 1206 593 1265 est
611 1205 727 1265 tinctio
751 1204 785 1264 in
801 1220 887 1282 aqua
906 1205 1031 1282 Spiritu

238 1302 358 1362 Sancto
391 1303 594 1371 consecrata,
627 1301 688 1361 sub
717 1302 820 1361 torma
854 1302 1030 1363 verborum

236 1398 447 1476 praescripta,
470 1397 647 1459 viiielicet:
672 1402 745 1474 Epo
762 1400 948 1477 baptizata
969 1416 1032 1461 ao-

235 1500 329 1557 mina
343 1498 466 1557 Patria
485 1496 518 1557 et
534 1499 615 1557 Filii
627 1496 661 1556 ei
683 1498 835 1571 Spiritus
848 1498 977 1558 Soracti.
995 1498 1030 1558 Si

237 1597 325 1656 euim
347 1595 405 1655 hat
427 1593 553 1654 ablutio
573 1593 645 1653 sine
668 1593 781 1665 verbo,
797 1609 863 1654 non
884 1594 935 1655 est
948 1594 1032 1671 bap-

236 1693 326 1753 tismi
355 1691 598 1752 sacramentum
624 1691 657 1751 et
688 1690 816 1751 modus.
848 1690 940 1752 Unde
960 1695 1031 1752 Au-

235 1790 411 1866 gustinus:
434 1806 453 1848 c
476 1789 584 1850 Verbo
605 1786 769 1864 baptisma
795 1790 1027 1864 consecratum

235 1886 373 1950 detrahe
391 1885 540 1958 uerbum,
563 1885 642 1962 quid
661 1887 711 1946 ost
731 1901 817 1962 aqua
835 1886 901 1945 nist
920 1889 1030 1962 aquai

234 1985 370 2046 Accedit
384 1983 519 2045 verbum
539 1982 580 2043 ad
596 1982 795 2046 elementum
810 1984 842 2043 et
857 1983 895 2044 iit
915 1998 1030 2044 sacra·

234 2084 391 2143 mentum.
405 2080 499 2142 Unde
509 2081 559 2141 est
568 2081 660 2141 tanta
672 2079 778 2141 virtus
791 2096 897 2157 aquae,
913 2083 948 2142 ut
960 2096 1029 2142 cor·

233 2197 295 2260 pus
308 2181 423 2255 tangat
434 2178 466 2239 et
480 2193 538 2239 cor
548 2176 672 2249 abluat,
685 2176 749 2237 nisi
762 2176 904 2239 iaciente
915 2176 1027 2249 verbe,

233 2294 300 2341 non
315 2278 393 2355 quia
408 2278 529 2338 dicitur
541 2275 598 2336 sed
614 2277 692 2351 quia
707 2275 862 2336 creditur.
880 2292 899 2335 ε

272 2376 409 2452 Triplici
420 2375 460 2436 de
471 2390 572 2435 causa
585 2373 755 2434 institutus
766 2374 816 2434 est
829 2372 1025 2450 baptismus,

233 2473 389 2534 videlicet
412 2472 453 2533 ad
474 2472 685 2547 peccatorum
704 2469 963 2539 mundationem,
986 2470 1027 2530 ad

234 2570 418 2646 gratiarum
430 2567 642 2637 inlusionem,
659 2568 692 2628 et
710 2566 751 2627 ad
766 2567 862 2641 regni
883 2566 1028 2628 coelestis

234 2667 463 2744 aperitionem.
479 2666 528 2726 Ad
544 2666 753 2741 peccatorum
768 2663 1026 2735 mundationem,

234 2765 271 2825 ut
289 2779 349 2840 per
371 2763 569 2840 baptismum
586 2761 680 2822 tieret
693 2760 866 2835 generalis
876 2759 1026 2823 remissio

234 2860 409 2937 originalis
433 2859 638 2935 actualisque
660 2858 797 2934 peccati.
821 2859 868 2918 De
892 2857 1027 2933 peccato

234 2958 391 3033 originali
408 2956 488 3017 dicit
499 2954 694 3032 Apostolus:
712 2955 816 3015 ‘Sicut
827 2970 895 3028 per
918 2970 1027 3015 irratam

232 3060 405 3119 beluinam
421 3054 601 3129 paccatum
615 3053 762 3114 intravit
781 3055 818 3112 ia
839 3054 1024 3123 anundum,

232 3157 267 3217 at
277 3170 344 3230 par
353 3153 533 3227 paccatum
547 3165 654 3222 marr,
668 3151 718 3211 ita
731 3150 765 3210 ct
776 3152 813 3210 iu
828 3163 946 3210 oniaes
964 3153 1027 3211 ho-

700 361 876 424 HONORII
898 364 943 422 111
965 364 1112 425 OPERA.
1129 395 1167 409 -
1183 367 1414 430 SERMONES.

1824 376 1881 436 ola

1087 522 1132 585 ita
1147 525 1183 584 in
1194 524 1357 604 baptismo
1371 526 1596 603 submergitur
1610 529 1777 605 diabolus,
1791 534 1839 595 ita
1848 540 1882 598 ut

1086 637 1153 683 non
1179 622 1367 684 dominetur
1392 625 1427 686 in
1446 624 1639 702 baptizatis,
1667 628 1736 688 nisi
1758 629 1822 705 ipsi
1846 648 1881 694 se

1085 718 1251 782 voluerint
1283 724 1356 798 ejus
1380 722 1527 783 dominio
1553 724 1760 801 mancipare.
1791 727 1881 791 Unde

1086 818 1217 893 Moyses
1236 819 1271 878 in
1286 818 1444 880 cantico:
1469 822 1605 882 Garmai
1627 825 1831 885 Pharaonis
1850 829 1880 887 θῖ

1086 915 1279 976 exercitum
1289 918 1364 987 aias
1371 919 1517 991 projecti
1527 922 1565 978 in
1576 933 1676 980 niara
1690 918 1811 998 (Exod.
1824 938 1878 995 xv,

1085 1012 1127 1085 4).
1146 1012 1269 1072 Currus
1284 1013 1469 1073 Pharaonis
1490 1016 1567 1076 sunt
1581 1015 1664 1078 vitia
1678 1022 1712 1078 et
1726 1022 1877 1096 peccaia;

1086 1109 1252 1170 exercitus
1275 1113 1348 1187 ejus
1372 1112 1448 1172 sunt
1469 1112 1657 1188 daemones3
1673 1131 1750 1191 quae
1771 1119 1877 1178 omnia

1085 1203 1320 1267 subvertuntur
1343 1207 1378 1267 in
1406 1209 1490 1269 mari
1521 1208 1635 1281 rubro,
1658 1212 1738 1288 quia
1769 1216 1876 1275 omnia

1085 1303 1219 1379 peccata
1240 1303 1456 1365 destruuntur
1478 1305 1513 1366 in
1529 1308 1700 1383 Baptismo
1722 1311 1880 1386 quantum

1085 1398 1125 1459 ad
1140 1400 1307 1462 hominem
1317 1400 1529 1478 baptizatum,
1542 1404 1620 1480 quia
1630 1408 1807 1481 peccatum
1819 1424 1881 1469 nou

1085 1498 1192 1573 potest
1206 1497 1371 1559 dominari
1386 1500 1420 1560 in
1436 1515 1485 1560 eo.
1503 1503 1597 1563 Mare
1611 1502 1754 1563 rubrum
1775 1505 1880 1580 sigui·

1084 1592 1161 1655 fleat
1181 1594 1381 1671 baptismum
1396 1602 1533 1673 propter
1548 1598 1792 1661 abundantiam
1808 1617 1884 1677 gra·

1083 1692 1216 1764 tiarum,
1233 1692 1318 1770 quod
1336 1694 1387 1754 θεῖ
1401 1693 1523 1756 Christi
1543 1695 1708 1771 sanguine
1726 1697 1880 1760 nibriea-

1084 1786 1168 1859 tum;
1183 1800 1272 1846 mors
1288 1785 1522 1862 AEgyptiorum
1535 1787 1756 1850 abolitionem
1770 1807 1880 1867 pecca·

1083 1883 1202 1954 torum,
1217 1881 1370 1944 liberatio
1383 1882 1609 1957 Hebraeorum,
1617 1885 1764 1948 salutem
1774 1888 1881 1950 Claris-

1083 1980 1261 2040 tianorum.

1121 2076 1171 2136 Ad
1194 2076 1395 2138 infusionem
1416 2080 1600 2154 gratiarum
1622 2079 1814 2158 baptismus
1834 2086 1881 2147 est
1967 2106 1968 2111 ¹

1083 2172 1265 2242 institutus,
1291 2174 1328 2236 ut
1352 2190 1412 2251 per
1439 2176 1547 2252 ipsum
1575 2177 1755 2255 multiplex
1776 2182 1881 2256 gratia

1083 2270 1282 2332 Christianis
1319 2272 1568 2335 concederetur.
1606 2275 1702 2337 Unde
1737 2278 1845 2340 David
1872 2296 1880 2335 :

1081 2371 1194 2442 Sapor
1229 2382 1356 2443 aquam
1393 2372 1593 2444 refectionis
1623 2375 1789 2435 educavit
1815 2392 1878 2439 mc.

1083 2465 1152 2545 (Ps.
1166 2467 1216 2538 22,
1241 2463 1287 2545 2.)
1308 2466 1498 2543 Baptismus
1521 2468 1645 2530 dicitur
1671 2486 1762 2547 aqua
1777 2472 1882 2534 reiec-

1082 2562 1194 2635 tionis,
1229 2562 1306 2639 quia
1341 2563 1450 2625 reiicit
1478 2565 1607 2626 animas
1649 2568 1881 2644 spiritualibus

1082 2661 1265 2735 gratiarum
1289 2660 1551 2723 delectamentis.
1568 2664 1643 2724 Non
1667 2666 1779 2726 solum
1795 2669 1879 2728 enim

1082 2758 1229 2827 mundat,
1246 2757 1304 2818 sed
1325 2758 1358 2819 et
1376 2759 1494 2821 reiicit.
1521 2762 1627 2837 Super
1648 2776 1757 2839 aquas
1776 2764 1881 2827 retec-

1081 2855 1181 2915 tionis
1220 2855 1379 2917 educatur
1412 2855 1635 2930 christianus,
1680 2858 1761 2920 dum
1810 2866 1880 2939 post

1081 2950 1279 3028 baptismum
1297 2952 1517 3028 spiritualiter
1531 2955 1564 3015 θῖ
1586 2954 1807 3019 invisibiliter
1819 2976 1880 3020 nu-

1081 3049 1180 3111 tritur
1200 3049 1384 3125 gratiarum
1408 3050 1667 3124 delectamentis,
1692 3055 1731 3115 ut
1749 3055 1880 3118 dulces-

1082 3147 1135 3207 cat
1159 3146 1191 3206 ei
1220 3146 1378 3223 quidquid
1414 3162 1433 3208 a
1462 3148 1593 3210 Christo
1620 3152 1819 3228 percipitur,
1847 3153 1879 3214 et

231 3258 343 3315 aetites
354 3251 560 3328 pertransit,
581 3253 618 3310 in
641 3263 706 3322 qao
726 3262 843 3308 amites
858 3261 1026 3322 peccava-
1082 3244 1191 3319 speret
1212 3242 1351 3304 firmiter
1372 3244 1529 3321 quidquid
1551 3248 1768 3322 promittitur.
1796 3251 1878 3312 Hinc

232 3353 318 3414 ram
336 3349 442 3425 (Rom.
458 3364 491 3419 v,
510 3346 574 3426 12).
591 3349 637 3407 De
652 3346 774 3407 actuali
790 3347 925 3423 peccato
948 3344 1028 3406 dicit
1081 3342 1131 3402 est
1152 3340 1238 3418 quod
1250 3340 1329 3401 alibi
1344 3340 1425 3403 dicit
1436 3342 1539 3403 David
1557 3360 1565 3398 ε
1580 3346 1732 3407 Misitda
1743 3362 1876 3409 sumata

232 3451 379 3512 ioannes
403 3447 438 3506 iu
466 3443 635 3522 Epistola:
667 3446 706 3504 Si
729 3445 924 3503 diacrtmus
946 3446 1027 3516 aicta
1081 3439 1115 3499 ct
1135 3438 1344 3513 acceptiora,
1369 3440 1404 3500 et
1416 3441 1604 3515 assumpsit
1631 3457 1689 3503 ma
1714 3446 1759 3505 de
1782 3448 1876 3518 amia

229 3548 409 3627 peccatura
428 3558 497 3604 uon
516 3544 690 3611 habemas,
706 3543 874 3613 nosipsos
892 3542 1027 3601 sedimi-
1080 3536 1207 3596 miritis.
1233 3532 1305 3613 (Ps.
1329 3537 1377 3605 17,
1404 3534 1469 3615 17.)
1496 3537 1598 3608 Quasi
1621 3538 1750 3601 diceret
1765 3562 1775 3601 ε
1789 3542 1878 3602 Misit

231 3659 310 3704 mars
331 3643 366 3703 et
385 3642 518 3701 veritas
539 3643 576 3699 ia
599 3641 694 3699 rachis
713 3651 782 3697 aon
805 3638 868 3709 est,
888 3640 969 3710 occia
989 3639 1026 3697 ta
1080 3633 1121 3693 de
1150 3648 1279 3693 summo
1306 3632 1464 3708 Spiritum
1492 3635 1661 3706 Sanctum,
1689 3638 1725 3697 et
1750 3639 1879 3715 accepit

232 3740 350 3800 maritis
370 3738 576 3810 offendimus
603 3748 721 3794 omboes
746 3731 776 3810 (Ι
798 3735 817 3793 J
821 3748 895 3794 oan.
920 3748 950 3804 1,
977 3731 1023 3811 8).
1081 3746 1132 3790 me
1147 3731 1183 3790 in
1196 3744 1291 3790 suum
1306 3731 1340 3791 et
1351 3729 1530 3806 assumpsit
1543 3747 1596 3792 me
1609 3731 1650 3793 de
1664 3733 1878 3796 multitudine

234 3833 648 3899 Undezacharias:luotia
663 3830 801 3890 iuuerit
814 3831 891 3903 sous
901 3831 1026 3904 patena
1080 3840 1252 3904 aquarum,
1280 3825 1376 3898 idest,
1399 3826 1440 3888 de
1468 3825 1649 3904 baptismo;
1676 3830 1731 3905 qui
1751 3829 1878 3893 dicitur

233 3936 349 3995 domari
361 3933 473 3993 Dauid
489 3930 523 3989 et
537 3928 767 3990 tradicentibus
780 3928 975 3989 deramatam
988 3931 1026 3990 tn
1079 3924 1254 3985 multitudo
1293 3938 1454 4000 aquarum
1486 3924 1621 4000 propter
1658 3926 1876 4004 multiplicem

231 4033 436 4095 obtritionem
444 4025 664 4102 pcccatorum
675 4022 785 4105 (zach.
798 4038 870 4095 ιιιιι,
889 4026 930 4106 1).
945 4027 1026 4102 Bap·
1079 4023 1231 4097 gratiam.
1241 4020 1336 4082 Unde
1353 4019 1470 4081 beatus
1484 4021 1689 4097 Augustinus
1702 4040 1711 4079 ε
1722 4026 1875 4087 «Praesto

231 4129 349 4192 tismus
371 4124 492 4186 dicitur
513 4122 598 4193 tons,
626 4121 716 4198 quia,
739 4120 826 4181 sicut
843 4119 917 4182 sons
936 4122 1027 4184 lavat
1080 4134 1209 4195 semper
1229 4119 1300 4179 esto
1323 4116 1431 4192 gratia
1458 4134 1532 4194 quae
1557 4134 1625 4180 nou
1653 4121 1783 4183 recedit
1811 4121 1876 4183 uisi

232 4224 346 4288 sordes
385 4221 554 4298 corporis,
594 4219 641 4281 ita
675 4218 858 4295 baptismus
899 4219 1025 4296 Spiritu
1079 4215 1228 4293 expulsa,
1252 4215 1285 4275 et
1308 4229 1376 4275 non
1398 4214 1577 4275 revertitur
1603 4216 1669 4277 nisi
1688 4233 1751 4294 per
1764 4218 1875 4295 preni-

220 4316 353 4386 ‘Sancto
367 4321 518 4382 movetur
532 4319 566 4379 in
588 4316 739 4394 gratiam.
766 4316 855 4377 Talis
877 4316 951 4377 sons
974 4318 1026 4379 est
1079 4313 1227 4375 tentiam.
1239 4328 1258 4372 ε
1271 4312 1494 4387 Ethpostolus
1511 4334 1518 4372 ε
1535 4315 1714 4376 Habemus
1725 4318 1877 4391 aratiam

231 4423 267 4483 in
282 4419 451 4482 ablutione
466 4416 676 4495 peccatorum
688 4412 800 4475 domui
812 4413 928 4486 David,
940 4413 1026 4475 idest
1076 4424 1265 4486 perquam
1288 4412 1485 4470 sarciamus
1501 4411 1677 4484 placentes
1700 4415 1776 4474 Deo
1800 4428 1875 4475 caua

232 4518 389 4580 Ecclesiae
429 4514 562 4575 Christi.
594 4512 699 4574 David
734 4510 824 4571 enim
860 4510 1025 4586 significat
1078 4508 1173 4568 mata
1187 4506 1442 4567 etraoercntia.
1459 4503 1573 4584 (Hebr.
1589 4521 1652 4579 111,
1667 4506 1738 4587 28.)

233 4616 420 4687 Christum3
436 4612 553 4673 «lomus
577 4611 650 4687 eJus
674 4611 725 4671 est
746 4607 906 4670 Ecclesia.
931 4608 1025 4670 Unde
1118 4601 1365 4678 Quadripertita
1387 4602 1438 4663 est
1456 4603 1565 4677 gratia
1593 4603 1664 4665 Dei.
1692 4605 1810 4668 Prima
1830 4606 1877 4666 est

233 4710 434 4788 Apostolus:
473 4708 629 4769 Christus
664 4707 829 4779 tanquam
865 4707 956 4777 litias
987 4708 1025 4766 ia
1079 4715 1232 4777 operans,
1249 4698 1396 4760 secunda
1417 4714 1611 4775 cooperans,
1637 4700 1739 4762 tertia
1753 4703 1877 4765 contir-

232 4812 331 4868 aomo
341 4820 425 4876 sam
442 4807 522 4869 Qua
536 4805 656 4863 domas
669 4817 789 4862 sanatis
804 4817 876 4874 uos,
890 4806 921 4864 si
941 4803 1026 4876 siaa·
1079 4814 1184 4868 mans,
1209 4796 1326 4874 quarta
1351 4811 1581 4859 remunerans.
1611 4800 1678 4859 Per
1700 4799 1844 4875 primam
1857 4814 1876 4860 a

232 4901 364 4963 manici
374 4900 875 4976 pluriamspeiusquetafiaem
884 4901 1025 4971 firmam
1080 4893 1222 4972 peccatis
1237 4892 1446 4961 revertimur,
1462 4909 1522 4969 per
1536 4894 1720 4957 secundam
1741 4897 1803 4959 Dei
1819 4895 1878 4958 ad·

233 4998 447 5059 retineamus
471 4992 584 5072 (Hebr.
606 5008 658 5061 ιιι,
684 4992 730 5071 6).
754 4993 843 5054 idem
864 4997 914 5058 est
938 4997 1024 5074 quod
1075 4995 1204 5070 jutores
1218 4989 1390 5061 efficimur,
1406 5007 1465 5066 per
1474 4991 1607 5052 tertiam
1621 4993 1658 5052 in
1673 4991 1764 5055 bono
1778 5008 1876 5071 opere

234 5095 356 5156 dicitur
380 5092 566 5155 Jerusalem
592 5088 827 5162 habitantibus,
859 5093 937 5170 quia
962 5096 1026 5155 lic-
1079 5089 1329 5159 confirmamur,
1362 5102 1422 5163 per
1461 5089 1615 5165 quartam
1644 5089 1681 5151 in
1714 5092 1875 5154 aeternam

234 5191 336 5253 clesia
351 5190 401 5250 est
414 5185 600 5250 Jerusalem
615 5186 731 5248 civitas
746 5189 836 5264 regis
857 5192 969 5266 magni
993 5192 1025 5253 et
1078 5185 1315 5248 beatitudinem
1335 5200 1599 5257 remuneramur,
1626 5186 1669 5247 ad
1689 5188 1790 5264 regni
1808 5205 1877 5251 cee—

234 5283 492 5354 domusGhristi,
503 5282 1022 5360 dumipsoregenteiuhabitatur.
1078 5284 1172 5346 lestis
1184 5282 1436 5360 apparitionem.
1454 5282 1547 5345 Sicut
1560 5283 1703 5359 legimus
1716 5284 1753 5345 in
1766 5288 1879 5347 Evan-

234 5385 303 5444 Hoc
319 5380 540 5457 significatum
555 5380 615 5451 est,
632 5382 761 5457 quando
778 5382 912 5443 inmari
924 5382 1023 5445 rubro
1078 5382 1176 5458 gelio,
1194 5380 1290 5459 quod,
1312 5379 1477 5456 baptizato
1492 5380 1644 5454 Domino,
1669 5381 1747 5443 coeli
1770 5383 1878 5461 aperti

235 5479 356 5540 mortui
373 5476 450 5536 sunt
463 5477 611 5552 AEgyptii
633 5480 665 5538 et
684 5480 861 5540 evaserunt
879 5478 1022 5541 Hebraei.
1079 5479 1155 5540 sunt
1169 5493 1269 5567 super
1280 5493 1368 5538 eum.
1385 5477 1550 5539 Ezechieli
1562 5480 1804 5555 qnoquejuxta
1819 5481 1880 5541 iiu-

235 5575 326 5633 Mare
349 5571 485 5632 rubrum
514 5573 678 5647 significat
702 5575 916 5652 baptismum,
947 5578 1024 5654 quia
1078 5576 1257 5637 viumcoelt
1272 5574 1377 5652 aperti
1397 5577 1483 5648 sunt,
1510 5575 1689 5638 uitalibus
1712 5577 1878 5655 exemplis

236 5669 321 5727 sicut
340 5667 373 5727 in
390 5669 473 5728 mari
488 5668 586 5730 rubro
606 5671 795 5735 submersus
816 5674 866 5734 est
880 5674 1021 5748 Pharao,
1079 5673 1322 5744 ostenderetur,
1368 5687 1473 5748 regna
1508 5672 1654 5735 coelestia
1698 5673 1878 5751 baptizatis
