<?xml version="1.0" encoding="UTF-8"?>
<!DOCTYPE html PUBLIC "-//W3C//DTD XHTML 1.0 Transitional//EN"
    "http://www.w3.org/TR/xhtml1/DTD/xhtml1-transitional.dtd">
<html xmlns="http://www.w3.org/1999/xhtml" xml:lang="en" lang="en">
 <head>
  <title>
</title>
<meta http-equiv="Content-Type" content="text/html;charset=utf-8" />
  <meta name='ocr-system' content='tesseract 3.04.00' />
  <meta name='ocr-capabilities' content='ocr_page ocr_carea ocr_par ocr_line ocrx_word'/>
</head>
<body>
  <div class='ocr_page' id='page_1' title='image "./mediiaevibiblio07bottgoog/mediiaevibiblio07bottgoog_0504.png"; bbox 0 0 3960 6188; ppageno 0'>
   <div class='ocr_carea' id='block_1_1' title="bbox 104 312 1752 383">
    <p class='ocr_par' dir='ltr' id='par_1_1' title="bbox 104 312 1752 383">
     <span class='ocr_line' id='line_1_1' title="bbox 104 312 1752 383; baseline 0.004 -6"><span class='ocrx_word' id='word_1_1' title='bbox 104 314 166 378; x_wconf 76' lang='lat'>029</span> <span class='ocrx_word' id='word_1_2' title='bbox 671 318 716 379; x_wconf 91' lang='lat' dir='ltr'>IN</span> <span class='ocrx_word' id='word_1_3' title='bbox 737 315 1000 382; x_wconf 82' lang='lat' dir='ltr'><strong>ASCENSIONE</strong></span> <span class='ocrx_word' id='word_1_4' title='bbox 1019 315 1181 378; x_wconf 84' lang='lat' dir='ltr'><strong>DOMINI.</strong></span> <span class='ocrx_word' id='word_1_5' title='bbox 1687 312 1752 383; x_wconf 76' lang='grc'>630,</span> 
     </span>
    </p>
   </div>
   <div class='ocr_carea' id='block_1_2' title="bbox 106 469 1774 5720">
    <p class='ocr_par' dir='ltr' id='par_1_2' title="bbox 106 469 1774 5720">
     <span class='ocr_line' id='line_1_2' title="bbox 106 469 1753 554; baseline -0.002 -18"><span class='ocrx_word' id='word_1_6' title='bbox 106 478 149 538; x_wconf 81' lang='lat' dir='ltr'>de</span> <span class='ocrx_word' id='word_1_7' title='bbox 162 478 275 537; x_wconf 86' lang='lat' dir='ltr'>Bosro</span> <span class='ocrx_word' id='word_1_8' title='bbox 287 477 301 535; x_wconf 84' lang='lat' dir='ltr'>i</span> <span class='ocrx_word' id='word_1_9' title='bbox 314 475 386 537; x_wconf 87' lang='lat' dir='ltr'>Iste</span> <span class='ocrx_word' id='word_1_10' title='bbox 397 478 571 551; x_wconf 76' lang='lat' dir='ltr'>somnosus</span> <span class='ocrx_word' id='word_1_11' title='bbox 580 480 617 540; x_wconf 89' lang='lat' dir='ltr'>in</span> <span class='ocrx_word' id='word_1_12' title='bbox 628 479 715 541; x_wconf 85' lang='lat' dir='ltr'>stota</span> <span class='ocrx_word' id='word_1_13' title='bbox 733 494 808 551; x_wconf 82' lang='lat' dir='ltr'>sco,</span> <span class='ocrx_word' id='word_1_14' title='bbox 819 493 906 554; x_wconf 84' lang='lat' dir='ltr'>qro-</span> <span class='ocrx_word' id='word_1_15' title='bbox 959 477 1103 554; x_wconf 86' lang='lat' dir='ltr'>peccatis</span> <span class='ocrx_word' id='word_1_16' title='bbox 1118 475 1253 551; x_wconf 89' lang='lat' dir='ltr'>nostris,</span> <span class='ocrx_word' id='word_1_17' title='bbox 1268 475 1342 552; x_wconf 89' lang='lat' dir='ltr'>ipse</span> <span class='ocrx_word' id='word_1_18' title='bbox 1359 471 1522 535; x_wconf 88' lang='lat' dir='ltr'>sustinuit</span> <span class='ocrx_word' id='word_1_19' title='bbox 1535 486 1595 548; x_wconf 88' lang='lat' dir='ltr'>pro</span> <span class='ocrx_word' id='word_1_20' title='bbox 1607 469 1704 532; x_wconf 90' lang='lat' dir='ltr'>nobis</span> <span class='ocrx_word' id='word_1_21' title='bbox 1719 471 1753 532; x_wconf 89' lang='lat' dir='ltr'>in</span> 
     </span>
     <span class='ocr_line' id='line_1_3' title="bbox 106 573 1753 649; baseline -0.002 -16"><span class='ocrx_word' id='word_1_22' title='bbox 106 575 269 635; x_wconf 74' lang='lat' dir='ltr'>uicinia</span> <span class='ocrx_word' id='word_1_23' title='bbox 296 574 514 637; x_wconf 77' lang='lat' dir='ltr'>multitudine</span> <span class='ocrx_word' id='word_1_24' title='bbox 548 577 691 639; x_wconf 83' lang='lat' dir='ltr'>virtutis</span> <span class='ocrx_word' id='word_1_25' title='bbox 723 580 820 640; x_wconf 77' lang='lat' dir='ltr'>succi</span> <span class='ocrx_word' id='word_1_26' title='bbox 847 574 903 649; x_wconf 84' lang='lat' dir='ltr'>(Is.</span> <span class='ocrx_word' id='word_1_27' title='bbox 959 591 1069 638; x_wconf 91' lang='lat' dir='ltr'>cruce.</span> <span class='ocrx_word' id='word_1_28' title='bbox 1089 573 1183 635; x_wconf 86' lang='lat' dir='ltr'>Unde</span> <span class='ocrx_word' id='word_1_29' title='bbox 1204 573 1332 635; x_wconf 84' lang='lat' dir='ltr'>isaias:</span> <span class='ocrx_word' id='word_1_30' title='bbox 1358 574 1444 634; x_wconf 89' lang='lat' dir='ltr'>Vere</span> <span class='ocrx_word' id='word_1_31' title='bbox 1463 575 1649 647; x_wconf 76' lang='lat' dir='ltr'>maiquores</span> <span class='ocrx_word' id='word_1_32' title='bbox 1669 583 1753 630; x_wconf 86' lang='lat' dir='ltr'>nos-</span> 
     </span>
     <span class='ocr_line' id='line_1_4' title="bbox 106 665 1756 749; baseline -0.011 -7"><span class='ocrx_word' id='word_1_33' title='bbox 106 686 204 741; x_wconf 74' lang='lat' dir='ltr'>Lxssl,</span> <span class='ocrx_word' id='word_1_34' title='bbox 222 668 266 748; x_wconf 83' lang='lat'>1)·</span> <span class='ocrx_word' id='word_1_35' title='bbox 961 674 1034 734; x_wconf 86' lang='lat' dir='ltr'>tros</span> <span class='ocrx_word' id='word_1_36' title='bbox 1055 676 1127 747; x_wconf 84' lang='lat' dir='ltr'>ipsc</span> <span class='ocrx_word' id='word_1_37' title='bbox 1152 668 1431 749; x_wconf 77' lang='lat' dir='ltr'>tuiti...(ls.s1u,</span> <span class='ocrx_word' id='word_1_38' title='bbox 1453 665 1497 746; x_wconf 88' lang='grc'><strong>4).</strong></span> <span class='ocrx_word' id='word_1_39' title='bbox 1522 666 1673 729; x_wconf 83' lang='lat' dir='ltr'>Portavit</span> <span class='ocrx_word' id='word_1_40' title='bbox 1692 681 1756 726; x_wconf 91' lang='lat' dir='ltr'>au-</span> 
     </span>
     <span class='ocr_line' id='line_1_5' title="bbox 146 763 1755 845; baseline -0.004 -15"><span class='ocrx_word' id='word_1_41' title='bbox 146 771 257 830; x_wconf 80' lang='lat' dir='ltr'>Ectom</span> <span class='ocrx_word' id='word_1_42' title='bbox 278 766 517 845; x_wconf 86' lang='lat' dir='ltr'>interpretatur</span> <span class='ocrx_word' id='word_1_43' title='bbox 529 768 734 845; x_wconf 79' lang='lat' dir='ltr'>sanguineus</span> <span class='ocrx_word' id='word_1_44' title='bbox 761 771 819 831; x_wconf 90' lang='lat' dir='ltr'>aut</span> <span class='ocrx_word' id='word_1_45' title='bbox 841 770 907 831; x_wconf 89' lang='lat' dir='ltr'>ter-</span> <span class='ocrx_word' id='word_1_46' title='bbox 960 773 1037 842; x_wconf 89' lang='lat' dir='ltr'>tem,</span> <span class='ocrx_word' id='word_1_47' title='bbox 1060 785 1126 830; x_wconf 89' lang='lat' dir='ltr'>non</span> <span class='ocrx_word' id='word_1_48' title='bbox 1149 769 1185 828; x_wconf 90' lang='lat' dir='ltr'>ut</span> <span class='ocrx_word' id='word_1_49' title='bbox 1204 768 1276 845; x_wconf 93' lang='lat' dir='ltr'>ipse</span> <span class='ocrx_word' id='word_1_50' title='bbox 1302 766 1450 838; x_wconf 92' lang='lat' dir='ltr'>baberet,</span> <span class='ocrx_word' id='word_1_51' title='bbox 1473 765 1529 827; x_wconf 89' lang='lat' dir='ltr'>sed</span> <span class='ocrx_word' id='word_1_52' title='bbox 1552 766 1588 826; x_wconf 88' lang='lat' dir='ltr'>ut</span> <span class='ocrx_word' id='word_1_53' title='bbox 1615 780 1635 825; x_wconf 92' lang='lat' dir='ltr'>a</span> <span class='ocrx_word' id='word_1_54' title='bbox 1660 763 1755 824; x_wconf 90' lang='lat' dir='ltr'>nobis</span> 
     </span>
     <span class='ocr_line' id='line_1_6' title="bbox 108 861 1757 945; baseline -0.002 -18"><span class='ocrx_word' id='word_1_55' title='bbox 108 881 227 937; x_wconf 78' lang='lat' dir='ltr'>renue,</span> <span class='ocrx_word' id='word_1_56' title='bbox 260 865 294 926; x_wconf 92' lang='lat' dir='ltr'>et</span> <span class='ocrx_word' id='word_1_57' title='bbox 321 865 487 941; x_wconf 79' lang='lat' dir='ltr'>significat</span> <span class='ocrx_word' id='word_1_58' title='bbox 520 867 679 928; x_wconf 89' lang='lat' dir='ltr'>mundum</span> <span class='ocrx_word' id='word_1_59' title='bbox 707 867 818 939; x_wconf 89' lang='lat' dir='ltr'>istum,</span> <span class='ocrx_word' id='word_1_60' title='bbox 849 867 905 945; x_wconf 92' lang='lat' dir='ltr'>qui</span> <span class='ocrx_word' id='word_1_61' title='bbox 960 867 1118 928; x_wconf 75' lang='lat' dir='ltr'><strong>auferret.</strong></span> <span class='ocrx_word' id='word_1_62' title='bbox 1137 870 1301 927; x_wconf 83' lang='lat' dir='ltr'>Torcnior</span> <span class='ocrx_word' id='word_1_63' title='bbox 1324 864 1484 925; x_wconf 91' lang='lat' dir='ltr'>dicitura</span> <span class='ocrx_word' id='word_1_64' title='bbox 1507 862 1702 940; x_wconf 89' lang='lat' dir='ltr'>torquendo,</span> <span class='ocrx_word' id='word_1_65' title='bbox 1723 861 1757 923; x_wconf 90' lang='lat' dir='ltr'>et</span> 
     </span>
     <span class='ocr_line' id='line_1_7' title="bbox 107 960 1758 1041; baseline -0.004 -14"><span class='ocrx_word' id='word_1_66' title='bbox 107 963 198 1027; x_wconf 90' lang='lat' dir='ltr'>totus</span> <span class='ocrx_word' id='word_1_67' title='bbox 220 962 424 1039; x_wconf 84' lang='lat' dir='ltr'>sanguineus</span> <span class='ocrx_word' id='word_1_68' title='bbox 448 963 498 1025; x_wconf 88' lang='lat' dir='ltr'>est</span> <span class='ocrx_word' id='word_1_69' title='bbox 517 965 551 1025; x_wconf 92' lang='lat' dir='ltr'>et</span> <span class='ocrx_word' id='word_1_70' title='bbox 571 966 735 1026; x_wconf 80' lang='lat' dir='ltr'>terrenus</span> <span class='ocrx_word' id='word_1_71' title='bbox 762 966 907 1041; x_wconf 78' lang='lat' dir='ltr'>Sangui-</span> <span class='ocrx_word' id='word_1_72' title='bbox 961 965 1038 1026; x_wconf 89' lang='lat' dir='ltr'>sunt</span> <span class='ocrx_word' id='word_1_73' title='bbox 1048 963 1170 1039; x_wconf 82' lang='lat' dir='ltr'>legalia</span> <span class='ocrx_word' id='word_1_74' title='bbox 1186 962 1364 1033; x_wconf 89' lang='lat' dir='ltr'>tormenta,</span> <span class='ocrx_word' id='word_1_75' title='bbox 1380 963 1416 1023; x_wconf 93' lang='lat' dir='ltr'>in</span> <span class='ocrx_word' id='word_1_76' title='bbox 1429 961 1548 1039; x_wconf 89' lang='lat' dir='ltr'>quibus</span> <span class='ocrx_word' id='word_1_77' title='bbox 1563 960 1758 1022; x_wconf 78' lang='lat' dir='ltr'>malefacto-</span> 
     </span>
     <span class='ocr_line' id='line_1_8' title="bbox 108 1057 1758 1140; baseline -0.002 -19"><span class='ocrx_word' id='word_1_78' title='bbox 108 1076 194 1122; x_wconf 88' lang='lat' dir='ltr'>ueus</span> <span class='ocrx_word' id='word_1_79' title='bbox 216 1060 279 1132; x_wconf 86' lang='lat' dir='ltr'>esi,</span> <span class='ocrx_word' id='word_1_80' title='bbox 296 1061 374 1138; x_wconf 91' lang='lat' dir='ltr'>quia</span> <span class='ocrx_word' id='word_1_81' title='bbox 392 1061 587 1138; x_wconf 81' lang='lat' dir='ltr'>asanguine</span> <span class='ocrx_word' id='word_1_82' title='bbox 604 1063 686 1139; x_wconf 89' lang='lat' dir='ltr'>justi</span> <span class='ocrx_word' id='word_1_83' title='bbox 699 1061 781 1123; x_wconf 84' lang='lat' dir='ltr'>Abel</span> <span class='ocrx_word' id='word_1_84' title='bbox 803 1079 907 1140; x_wconf 90' lang='lat' dir='ltr'>usque</span> <span class='ocrx_word' id='word_1_85' title='bbox 961 1078 1015 1124; x_wconf 88' lang='lat' dir='ltr'>res</span> <span class='ocrx_word' id='word_1_86' title='bbox 1029 1060 1279 1139; x_wconf 78' lang='lat' dir='ltr'>torquebantur.</span> <span class='ocrx_word' id='word_1_87' title='bbox 1296 1062 1333 1121; x_wconf 91' lang='lat' dir='ltr'>In</span> <span class='ocrx_word' id='word_1_88' title='bbox 1348 1058 1412 1121; x_wconf 92' lang='lat' dir='ltr'>boc</span> <span class='ocrx_word' id='word_1_89' title='bbox 1428 1060 1589 1121; x_wconf 81' lang='lat' dir='ltr'>torculari</span> <span class='ocrx_word' id='word_1_90' title='bbox 1606 1057 1758 1119; x_wconf 83' lang='lat' dir='ltr'>Christus</span> 
     </span>
     <span class='ocr_line' id='line_1_9' title="bbox 106 1155 1761 1238; baseline -0.002 -19"><span class='ocrx_word' id='word_1_91' title='bbox 106 1157 152 1219; x_wconf 84' lang='lat' dir='ltr'>ad</span> <span class='ocrx_word' id='word_1_92' title='bbox 174 1157 263 1219; x_wconf 92' lang='lat' dir='ltr'>bunc</span> <span class='ocrx_word' id='word_1_93' title='bbox 278 1157 365 1219; x_wconf 90' lang='lat' dir='ltr'>diem</span> <span class='ocrx_word' id='word_1_94' title='bbox 385 1159 525 1220; x_wconf 89' lang='lat' dir='ltr'>mundus</span> <span class='ocrx_word' id='word_1_95' title='bbox 540 1160 658 1238; x_wconf 88' lang='lat' dir='ltr'>plenus</span> <span class='ocrx_word' id='word_1_96' title='bbox 675 1160 726 1222; x_wconf 89' lang='lat' dir='ltr'>est</span> <span class='ocrx_word' id='word_1_97' title='bbox 745 1160 907 1236; x_wconf 80' lang='lat' dir='ltr'>sanguine</span> <span class='ocrx_word' id='word_1_98' title='bbox 962 1161 1023 1222; x_wconf 85' lang='lat' dir='ltr'>luit</span> <span class='ocrx_word' id='word_1_99' title='bbox 1043 1160 1149 1222; x_wconf 89' lang='lat' dir='ltr'>tortus</span> <span class='ocrx_word' id='word_1_100' title='bbox 1164 1160 1322 1237; x_wconf 88' lang='lat' dir='ltr'>tanquam</span> <span class='ocrx_word' id='word_1_101' title='bbox 1339 1156 1543 1220; x_wconf 82' lang='lat' dir='ltr'>malefactor.</span> <span class='ocrx_word' id='word_1_102' title='bbox 1561 1157 1655 1218; x_wconf 85' lang='lat' dir='ltr'>Unde</span> <span class='ocrx_word' id='word_1_103' title='bbox 1674 1155 1761 1216; x_wconf 89' lang='lat' dir='ltr'>dici·</span> 
     </span>
     <span class='ocr_line' id='line_1_10' title="bbox 109 1254 1761 1334; baseline -0.002 -18"><span class='ocrx_word' id='word_1_104' title='bbox 109 1256 312 1327; x_wconf 88' lang='lat' dir='ltr'>sanctorum,</span> <span class='ocrx_word' id='word_1_105' title='bbox 334 1256 420 1317; x_wconf 91' lang='lat' dir='ltr'>sicut</span> <span class='ocrx_word' id='word_1_106' title='bbox 442 1257 564 1334; x_wconf 81' lang='lat' dir='ltr'>legitur</span> <span class='ocrx_word' id='word_1_107' title='bbox 579 1258 615 1318; x_wconf 93' lang='lat' dir='ltr'>in</span> <span class='ocrx_word' id='word_1_108' title='bbox 634 1259 787 1320; x_wconf 77' lang='lat' dir='ltr'>Psalmo:</span> <span class='ocrx_word' id='word_1_109' title='bbox 807 1258 909 1333; x_wconf 72' lang='lat' dir='ltr'>Effu—</span> <span class='ocrx_word' id='word_1_110' title='bbox 962 1258 1016 1319; x_wconf 91' lang='lat' dir='ltr'>tur</span> <span class='ocrx_word' id='word_1_111' title='bbox 1030 1258 1065 1318; x_wconf 88' lang='lat' dir='ltr'>in</span> <span class='ocrx_word' id='word_1_112' title='bbox 1077 1257 1243 1320; x_wconf 81' lang='lat' dir='ltr'>ieremia:</span> <span class='ocrx_word' id='word_1_113' title='bbox 1262 1254 1578 1318; x_wconf 82' lang='lat' dir='ltr'>Torcutnrcoicacii</span> <span class='ocrx_word' id='word_1_114' title='bbox 1592 1258 1761 1316; x_wconf 83' lang='lat' dir='ltr'>Dmnirms</span> 
     </span>
     <span class='ocr_line' id='line_1_11' title="bbox 108 1350 1759 1433; baseline -0.003 -19"><span class='ocrx_word' id='word_1_115' title='bbox 108 1352 452 1428; x_wconf 70' lang='lat' dir='ltr'>neruntsonpomem</span> <span class='ocrx_word' id='word_1_116' title='bbox 465 1356 664 1417; x_wconf 86' lang='lat' dir='ltr'>sanctorum</span> <span class='ocrx_word' id='word_1_117' title='bbox 678 1357 766 1418; x_wconf 82' lang='lat' dir='ltr'>sicui</span> <span class='ocrx_word' id='word_1_118' title='bbox 780 1371 909 1430; x_wconf 83' lang='lat' dir='ltr'>aquom</span> <span class='ocrx_word' id='word_1_119' title='bbox 962 1359 1206 1431; x_wconf 68' lang='lat' dir='ltr'>caramerum</span> <span class='ocrx_word' id='word_1_120' title='bbox 1220 1357 1320 1416; x_wconf 74' lang='lat' dir='ltr'>liidie</span> <span class='ocrx_word' id='word_1_121' title='bbox 1339 1359 1354 1417; x_wconf 81' lang='lat' dir='ltr'>t</span> <span class='ocrx_word' id='word_1_122' title='bbox 1377 1352 1512 1433; x_wconf 84' lang='lat' dir='ltr'>(Thren.</span> <span class='ocrx_word' id='word_1_123' title='bbox 1529 1369 1553 1425; x_wconf 92' lang='lat'>1,</span> <span class='ocrx_word' id='word_1_124' title='bbox 1574 1350 1640 1431; x_wconf 87' lang='lat'>15.)</span> <span class='ocrx_word' id='word_1_125' title='bbox 1662 1353 1759 1423; x_wconf 87' lang='lat' dir='ltr'>Nam,</span> 
     </span>
     <span class='ocr_line' id='line_1_12' title="bbox 109 1449 1759 1528; baseline -0.001 -17"><span class='ocrx_word' id='word_1_126' title='bbox 109 1452 149 1511; x_wconf 87' lang='lat' dir='ltr'>in</span> <span class='ocrx_word' id='word_1_127' title='bbox 162 1451 312 1512; x_wconf 80' lang='lat' dir='ltr'>circuitu</span> <span class='ocrx_word' id='word_1_128' title='bbox 325 1453 529 1525; x_wconf 73' lang='lat' dir='ltr'>Jerusalem,</span> <span class='ocrx_word' id='word_1_129' title='bbox 545 1455 580 1515; x_wconf 90' lang='lat' dir='ltr'>ei</span> <span class='ocrx_word' id='word_1_130' title='bbox 598 1469 668 1515; x_wconf 87' lang='lat' dir='ltr'>non</span> <span class='ocrx_word' id='word_1_131' title='bbox 685 1455 764 1515; x_wconf 85' lang='lat' dir='ltr'>erni</span> <span class='ocrx_word' id='word_1_132' title='bbox 779 1457 908 1528; x_wconf 84' lang='lat' dir='ltr'>quise·</span> <span class='ocrx_word' id='word_1_133' title='bbox 964 1453 1051 1516; x_wconf 88' lang='lat' dir='ltr'>sicut</span> <span class='ocrx_word' id='word_1_134' title='bbox 1069 1452 1183 1515; x_wconf 89' lang='lat' dir='ltr'>botrus</span> <span class='ocrx_word' id='word_1_135' title='bbox 1206 1453 1355 1515; x_wconf 89' lang='lat' dir='ltr'>calcatur</span> <span class='ocrx_word' id='word_1_136' title='bbox 1377 1453 1411 1513; x_wconf 90' lang='lat' dir='ltr'>et</span> <span class='ocrx_word' id='word_1_137' title='bbox 1430 1451 1574 1512; x_wconf 88' lang='lat' dir='ltr'>mustum</span> <span class='ocrx_word' id='word_1_138' title='bbox 1595 1449 1759 1527; x_wconf 78' lang='lat' dir='ltr'>liquatur,</span> 
     </span>
     <span class='ocr_line' id='line_1_13' title="bbox 107 1544 1762 1628; baseline -0.001 -21"><span class='ocrx_word' id='word_1_139' title='bbox 107 1548 235 1623; x_wconf 79' lang='lat' dir='ltr'>poliret</span> <span class='ocrx_word' id='word_1_140' title='bbox 258 1544 328 1627; x_wconf 89' lang='lat' dir='ltr'>(Ps.</span> <span class='ocrx_word' id='word_1_141' title='bbox 348 1549 398 1621; x_wconf 78' lang='lat'>78,</span> <span class='ocrx_word' id='word_1_142' title='bbox 424 1549 468 1628; x_wconf 88' lang='lat'>3).</span> <span class='ocrx_word' id='word_1_143' title='bbox 495 1550 691 1612; x_wconf 84' lang='lat' dir='ltr'>Effuderunt</span> <span class='ocrx_word' id='word_1_144' title='bbox 714 1552 909 1628; x_wconf 82' lang='lat' dir='ltr'>sanguinem</span> <span class='ocrx_word' id='word_1_145' title='bbox 964 1551 1013 1613; x_wconf 92' lang='lat' dir='ltr'>sic</span> <span class='ocrx_word' id='word_1_146' title='bbox 1027 1551 1068 1613; x_wconf 91' lang='lat' dir='ltr'>de</span> <span class='ocrx_word' id='word_1_147' title='bbox 1084 1567 1223 1628; x_wconf 90' lang='lat' dir='ltr'>corpore</span> <span class='ocrx_word' id='word_1_148' title='bbox 1241 1550 1364 1612; x_wconf 89' lang='lat' dir='ltr'>(lbristi</span> <span class='ocrx_word' id='word_1_149' title='bbox 1379 1566 1422 1611; x_wconf 82' lang='lat' dir='ltr'>ex</span> <span class='ocrx_word' id='word_1_150' title='bbox 1440 1549 1583 1611; x_wconf 81' lang='lat' dir='ltr'>diversis</span> <span class='ocrx_word' id='word_1_151' title='bbox 1605 1545 1762 1608; x_wconf 90' lang='lat' dir='ltr'>membris</span> 
     </span>
     <span class='ocr_line' id='line_1_14' title="bbox 110 1644 1761 1726; baseline 0.001 -22"><span class='ocrx_word' id='word_1_152' title='bbox 110 1644 292 1706; x_wconf 90' lang='lat' dir='ltr'>multorum</span> <span class='ocrx_word' id='word_1_153' title='bbox 315 1646 516 1720; x_wconf 88' lang='lat' dir='ltr'>sanctorum,</span> <span class='ocrx_word' id='word_1_154' title='bbox 541 1648 696 1710; x_wconf 86' lang='lat' dir='ltr'>videlicet</span> <span class='ocrx_word' id='word_1_155' title='bbox 720 1650 908 1726; x_wconf 90' lang='lat' dir='ltr'>Propheta·</span> <span class='ocrx_word' id='word_1_156' title='bbox 965 1650 1062 1711; x_wconf 87' lang='lat' dir='ltr'>undae</span> <span class='ocrx_word' id='word_1_157' title='bbox 1078 1649 1251 1725; x_wconf 80' lang='lat' dir='ltr'>sanguinis</span> <span class='ocrx_word' id='word_1_158' title='bbox 1265 1647 1507 1726; x_wconf 83' lang='lat' dir='ltr'>profluxerunt.</span> <span class='ocrx_word' id='word_1_159' title='bbox 1521 1646 1678 1707; x_wconf 87' lang='lat' dir='ltr'>videntes</span> <span class='ocrx_word' id='word_1_160' title='bbox 1691 1644 1761 1720; x_wconf 83' lang='lat' dir='ltr'>igi-</span> 
     </span>
     <span class='ocr_line' id='line_1_15' title="bbox 111 1741 1763 1823; baseline -0.002 -20"><span class='ocrx_word' id='word_1_161' title='bbox 111 1758 199 1811; x_wconf 88' lang='lat' dir='ltr'>rum,</span> <span class='ocrx_word' id='word_1_162' title='bbox 212 1742 459 1819; x_wconf 80' lang='lat' dir='ltr'>Apostolorum,</span> <span class='ocrx_word' id='word_1_163' title='bbox 481 1748 679 1823; x_wconf 85' lang='lat' dir='ltr'>martyrum,</span> <span class='ocrx_word' id='word_1_164' title='bbox 695 1746 862 1822; x_wconf 80' lang='lat' dir='ltr'>virginum</span> <span class='ocrx_word' id='word_1_165' title='bbox 878 1747 912 1808; x_wconf 89' lang='lat' dir='ltr'>et</span> <span class='ocrx_word' id='word_1_166' title='bbox 963 1748 1019 1809; x_wconf 89' lang='lat' dir='ltr'>tur</span> <span class='ocrx_word' id='word_1_167' title='bbox 1030 1747 1151 1823; x_wconf 81' lang='lat' dir='ltr'>Angeli</span> <span class='ocrx_word' id='word_1_168' title='bbox 1163 1762 1239 1806; x_wconf 90' lang='lat' dir='ltr'>eum</span> <span class='ocrx_word' id='word_1_169' title='bbox 1251 1744 1428 1821; x_wconf 78' lang='lat' dir='ltr'>sanguinei</span> <span class='ocrx_word' id='word_1_170' title='bbox 1447 1743 1568 1805; x_wconf 89' lang='lat' dir='ltr'>coloris</span> <span class='ocrx_word' id='word_1_171' title='bbox 1582 1741 1670 1802; x_wconf 88' lang='lat' dir='ltr'>unda</span> <span class='ocrx_word' id='word_1_172' title='bbox 1684 1756 1763 1818; x_wconf 85' lang='lat' dir='ltr'>par-</span> 
     </span>
     <span class='ocr_line' id='line_1_16' title="bbox 110 1838 1762 1920; baseline -0.001 -19"><span class='ocrx_word' id='word_1_173' title='bbox 110 1839 256 1901; x_wconf 90' lang='lat' dir='ltr'>aliorum</span> <span class='ocrx_word' id='word_1_174' title='bbox 292 1841 494 1911; x_wconf 87' lang='lat' dir='ltr'>sanctorum,</span> <span class='ocrx_word' id='word_1_175' title='bbox 524 1842 557 1904; x_wconf 89' lang='lat' dir='ltr'>et</span> <span class='ocrx_word' id='word_1_176' title='bbox 586 1843 782 1920; x_wconf 80' lang='lat' dir='ltr'>sanguinem</span> <span class='ocrx_word' id='word_1_177' title='bbox 816 1844 910 1905; x_wconf 89' lang='lat' dir='ltr'>illius</span> <span class='ocrx_word' id='word_1_178' title='bbox 964 1846 1086 1917; x_wconf 85' lang='lat' dir='ltr'>iusum,</span> <span class='ocrx_word' id='word_1_179' title='bbox 1110 1844 1276 1905; x_wconf 89' lang='lat' dir='ltr'>mirantur</span> <span class='ocrx_word' id='word_1_180' title='bbox 1284 1842 1479 1920; x_wconf 90' lang='lat' dir='ltr'>patientiam</span> <span class='ocrx_word' id='word_1_181' title='bbox 1496 1840 1629 1911; x_wconf 83' lang='lat' dir='ltr'>Christi,</span> <span class='ocrx_word' id='word_1_182' title='bbox 1650 1838 1684 1900; x_wconf 89' lang='lat' dir='ltr'>et</span> <span class='ocrx_word' id='word_1_183' title='bbox 1702 1854 1762 1899; x_wconf 87' lang='lat' dir='ltr'>see-</span> 
     </span>
     <span class='ocr_line' id='line_1_17' title="bbox 109 1936 1761 2018; baseline -0.001 -20"><span class='ocrx_word' id='word_1_184' title='bbox 109 1937 251 2015; x_wconf 86' lang='lat' dir='ltr'>pretiosi</span> <span class='ocrx_word' id='word_1_185' title='bbox 275 1937 360 2014; x_wconf 77' lang='lat' dir='ltr'>Agrii</span> <span class='ocrx_word' id='word_1_186' title='bbox 381 1937 596 2012; x_wconf 89' lang='lat' dir='ltr'>immaculati,</span> <span class='ocrx_word' id='word_1_187' title='bbox 623 1941 679 2018; x_wconf 88' lang='lat' dir='ltr'>qui</span> <span class='ocrx_word' id='word_1_188' title='bbox 694 1940 812 2003; x_wconf 83' lang='lat' dir='ltr'>effudit</span> <span class='ocrx_word' id='word_1_189' title='bbox 831 1958 912 2003; x_wconf 89' lang='lat' dir='ltr'>san·</span> <span class='ocrx_word' id='word_1_190' title='bbox 964 1943 1083 2006; x_wconf 84' lang='lat' dir='ltr'>vitiam</span> <span class='ocrx_word' id='word_1_191' title='bbox 1097 1942 1300 2013; x_wconf 82' lang='lat' dir='ltr'>ludaeorum,</span> <span class='ocrx_word' id='word_1_192' title='bbox 1310 1940 1366 2017; x_wconf 90' lang='lat' dir='ltr'>qui</span> <span class='ocrx_word' id='word_1_193' title='bbox 1377 1956 1444 2000; x_wconf 90' lang='lat' dir='ltr'>non</span> <span class='ocrx_word' id='word_1_194' title='bbox 1459 1940 1537 2000; x_wconf 92' lang='lat' dir='ltr'>sunt</span> <span class='ocrx_word' id='word_1_195' title='bbox 1547 1937 1646 2001; x_wconf 82' lang='lat' dir='ltr'>veriti</span> <span class='ocrx_word' id='word_1_196' title='bbox 1655 1936 1761 1997; x_wconf 86' lang='lat' dir='ltr'>illium</span> 
     </span>
     <span class='ocr_line' id='line_1_18' title="bbox 112 2036 1681 2119; baseline -0.001 -24"><span class='ocrx_word' id='word_1_197' title='bbox 112 2036 248 2112; x_wconf 83' lang='lat' dir='ltr'>guinem</span> <span class='ocrx_word' id='word_1_198' title='bbox 259 2050 355 2095; x_wconf 90' lang='lat' dir='ltr'>suum</span> <span class='ocrx_word' id='word_1_199' title='bbox 365 2051 425 2112; x_wconf 87' lang='lat' dir='ltr'>pro</span> <span class='ocrx_word' id='word_1_200' title='bbox 432 2037 658 2115; x_wconf 87' lang='lat' dir='ltr'>redemptione</span> <span class='ocrx_word' id='word_1_201' title='bbox 669 2040 911 2102; x_wconf 79' lang='lat' dir='ltr'>nostraEdom</span> <span class='ocrx_word' id='word_1_202' title='bbox 965 2041 1026 2103; x_wconf 90' lang='lat' dir='ltr'>Dei</span> <span class='ocrx_word' id='word_1_203' title='bbox 1041 2040 1151 2102; x_wconf 91' lang='lat' dir='ltr'>crucis</span> <span class='ocrx_word' id='word_1_204' title='bbox 1163 2038 1206 2119; x_wconf 80' lang='lat' dir='ltr'>ad</span> <span class='ocrx_word' id='word_1_205' title='bbox 1218 2036 1436 2113; x_wconf 80' lang='lat' dir='ltr'>ignominiam</span> <span class='ocrx_word' id='word_1_206' title='bbox 1450 2036 1681 2105; x_wconf 84' lang='lat' dir='ltr'>condemnare.</span> 
     </span>
     <span class='ocr_line' id='line_1_19' title="bbox 110 2130 1765 2214; baseline 0.001 -22"><span class='ocrx_word' id='word_1_207' title='bbox 110 2130 283 2207; x_wconf 76' lang='lat' dir='ltr'>significat</span> <span class='ocrx_word' id='word_1_208' title='bbox 305 2132 461 2193; x_wconf 88' lang='lat' dir='ltr'>mundum</span> <span class='ocrx_word' id='word_1_209' title='bbox 488 2133 588 2195; x_wconf 88' lang='lat' dir='ltr'>istum</span> <span class='ocrx_word' id='word_1_210' title='bbox 614 2135 802 2209; x_wconf 89' lang='lat' dir='ltr'>terrenum,</span> <span class='ocrx_word' id='word_1_211' title='bbox 833 2138 911 2214; x_wconf 90' lang='lat' dir='ltr'>quia</span> <span class='ocrx_word' id='word_1_212' title='bbox 1004 2137 1166 2199; x_wconf 76' lang='lat' dir='ltr'>Ascendit</span> <span class='ocrx_word' id='word_1_213' title='bbox 1180 2139 1274 2197; x_wconf 83' lang='lat' dir='ltr'>Dens</span> <span class='ocrx_word' id='word_1_214' title='bbox 1284 2133 1538 2206; x_wconf 81' lang='lat' dir='ltr'>injuoiiotione,</span> <span class='ocrx_word' id='word_1_215' title='bbox 1549 2134 1583 2194; x_wconf 90' lang='lat' dir='ltr'>ei</span> <span class='ocrx_word' id='word_1_216' title='bbox 1594 2134 1765 2193; x_wconf 78' lang='lat' dir='ltr'>Dominus</span> 
     </span>
     <span class='ocr_line' id='line_1_20' title="bbox 110 2228 1765 2312; baseline 0.001 -24"><span class='ocrx_word' id='word_1_217' title='bbox 110 2228 227 2289; x_wconf 88' lang='lat' dir='ltr'>omnia</span> <span class='ocrx_word' id='word_1_218' title='bbox 243 2229 415 2291; x_wconf 84' lang='lat' dir='ltr'>nascentia</span> <span class='ocrx_word' id='word_1_219' title='bbox 429 2231 643 2293; x_wconf 86' lang='lat' dir='ltr'>revertuntur</span> <span class='ocrx_word' id='word_1_220' title='bbox 659 2232 844 2306; x_wconf 89' lang='lat' dir='ltr'>interram,</span> <span class='ocrx_word' id='word_1_221' title='bbox 861 2235 912 2294; x_wconf 90' lang='lat' dir='ltr'>si-</span> <span class='ocrx_word' id='word_1_222' title='bbox 966 2240 1004 2297; x_wconf 79' lang='lat' dir='ltr'>in</span> <span class='ocrx_word' id='word_1_223' title='bbox 1016 2250 1097 2297; x_wconf 83' lang='lat' dir='ltr'>uoce</span> <span class='ocrx_word' id='word_1_224' title='bbox 1121 2235 1210 2295; x_wconf 81' lang='lat' dir='ltr'>tubae</span> <span class='ocrx_word' id='word_1_225' title='bbox 1231 2231 1300 2311; x_wconf 86' lang='lat' dir='ltr'>(Ps.</span> <span class='ocrx_word' id='word_1_226' title='bbox 1317 2234 1367 2304; x_wconf 81' lang='grc'>46,</span> <span class='ocrx_word' id='word_1_227' title='bbox 1383 2229 1429 2312; x_wconf 97' lang='grc'><strong>6).</strong></span> <span class='ocrx_word' id='word_1_228' title='bbox 1451 2230 1512 2292; x_wconf 88' lang='lat' dir='ltr'>His</span> <span class='ocrx_word' id='word_1_229' title='bbox 1526 2230 1637 2292; x_wconf 87' lang='lat' dir='ltr'>verbis</span> <span class='ocrx_word' id='word_1_230' title='bbox 1652 2229 1765 2290; x_wconf 87' lang='lat' dir='ltr'>osteu-</span> 
     </span>
     <span class='ocr_line' id='line_1_21' title="bbox 111 2325 1764 2407; baseline 0 -20"><span class='ocrx_word' id='word_1_231' title='bbox 111 2325 170 2388; x_wconf 91' lang='lat' dir='ltr'>cut</span> <span class='ocrx_word' id='word_1_232' title='bbox 190 2326 272 2387; x_wconf 90' lang='lat' dir='ltr'>dicit</span> <span class='ocrx_word' id='word_1_233' title='bbox 287 2327 465 2388; x_wconf 85' lang='lat' dir='ltr'>Salomon:</span> <span class='ocrx_word' id='word_1_234' title='bbox 490 2332 561 2389; x_wconf 79' lang='lat' dir='ltr'>Victi</span> <span class='ocrx_word' id='word_1_235' title='bbox 580 2330 704 2391; x_wconf 84' lang='lat' dir='ltr'>cuncta</span> <span class='ocrx_word' id='word_1_236' title='bbox 724 2346 801 2404; x_wconf 69' lang='lat' dir='ltr'>quie</span> <span class='ocrx_word' id='word_1_237' title='bbox 823 2332 913 2403; x_wconf 76' lang='lat' dir='ltr'>liunt</span> <span class='ocrx_word' id='word_1_238' title='bbox 967 2333 1056 2395; x_wconf 87' lang='lat' dir='ltr'>ditur</span> <span class='ocrx_word' id='word_1_239' title='bbox 1082 2331 1264 2392; x_wconf 88' lang='lat' dir='ltr'>secundum</span> <span class='ocrx_word' id='word_1_240' title='bbox 1295 2346 1394 2407; x_wconf 90' lang='lat' dir='ltr'>quam</span> <span class='ocrx_word' id='word_1_241' title='bbox 1424 2330 1578 2391; x_wconf 85' lang='lat' dir='ltr'>naturam</span> <span class='ocrx_word' id='word_1_242' title='bbox 1604 2327 1764 2400; x_wconf 81' lang='lat' dir='ltr'>ascendii,</span> 
     </span>
     <span class='ocr_line' id='line_1_22' title="bbox 111 2423 1766 2509; baseline 0.001 -24"><span class='ocrx_word' id='word_1_243' title='bbox 111 2423 912 2503; x_wconf 76' lang='lat' dir='ltr'>subsoie,etecoenniversovoniiasetafflietio</span> <span class='ocrx_word' id='word_1_244' title='bbox 967 2432 1001 2492; x_wconf 90' lang='lat' dir='ltr'>et</span> <span class='ocrx_word' id='word_1_245' title='bbox 1025 2429 1189 2509; x_wconf 88' lang='lat' dir='ltr'>quomodo</span> <span class='ocrx_word' id='word_1_246' title='bbox 1216 2428 1382 2501; x_wconf 88' lang='lat' dir='ltr'>ascendit,</span> <span class='ocrx_word' id='word_1_247' title='bbox 1409 2428 1443 2490; x_wconf 91' lang='lat' dir='ltr'>et</span> <span class='ocrx_word' id='word_1_248' title='bbox 1467 2442 1566 2504; x_wconf 89' lang='lat' dir='ltr'>quam</span> <span class='ocrx_word' id='word_1_249' title='bbox 1591 2423 1766 2486; x_wconf 78' lang='lat' dir='ltr'>manifeste</span> 
     </span>
     <span class='ocr_line' id='line_1_23' title="bbox 111 2521 1765 2602; baseline 0.002 -21"><span class='ocrx_word' id='word_1_250' title='bbox 111 2521 263 2596; x_wconf 77' lang='lat' dir='ltr'>spiritus</span> <span class='ocrx_word' id='word_1_251' title='bbox 279 2522 318 2581; x_wconf 84' lang='lat' dir='ltr'>ei</span> <span class='ocrx_word' id='word_1_252' title='bbox 336 2525 407 2583; x_wconf 81' lang='lat' dir='ltr'>cidi</span> <span class='ocrx_word' id='word_1_253' title='bbox 426 2526 600 2586; x_wconf 87' lang='lat' dir='ltr'>neminem</span> <span class='ocrx_word' id='word_1_254' title='bbox 620 2538 832 2598; x_wconf 65' lang='lat' dir='ltr'>percunctere</span> <span class='ocrx_word' id='word_1_255' title='bbox 850 2529 913 2587; x_wconf 84' lang='lat' dir='ltr'>sub</span> <span class='ocrx_word' id='word_1_256' title='bbox 966 2527 1128 2590; x_wconf 90' lang='lat' dir='ltr'>ascendit.</span> <span class='ocrx_word' id='word_1_257' title='bbox 1146 2526 1335 2591; x_wconf 86' lang='lat' dir='ltr'>Secundum</span> <span class='ocrx_word' id='word_1_258' title='bbox 1356 2540 1455 2602; x_wconf 92' lang='lat' dir='ltr'>quam</span> <span class='ocrx_word' id='word_1_259' title='bbox 1470 2524 1624 2586; x_wconf 86' lang='lat' dir='ltr'>naturam</span> <span class='ocrx_word' id='word_1_260' title='bbox 1643 2538 1765 2585; x_wconf 88' lang='lat' dir='ltr'>asceu-</span> 
     </span>
     <span class='ocr_line' id='line_1_24' title="bbox 110 2617 1764 2700; baseline -0.011 -1"><span class='ocrx_word' id='word_1_261' title='bbox 110 2623 182 2681; x_wconf 83' lang='lat' dir='ltr'>soie</span> <span class='ocrx_word' id='word_1_262' title='bbox 198 2617 302 2698; x_wconf 81' lang='lat' dir='ltr'>(Eccl.</span> <span class='ocrx_word' id='word_1_263' title='bbox 314 2634 337 2691; x_wconf 71' lang='lat'>1,</span> <span class='ocrx_word' id='word_1_264' title='bbox 350 2619 525 2700; x_wconf 50' lang='lat'>14311212)</span> <span class='ocrx_word' id='word_1_265' title='bbox 967 2626 1025 2699; x_wconf 88' lang='lat' dir='ltr'>dit,</span> <span class='ocrx_word' id='word_1_266' title='bbox 1059 2623 1213 2697; x_wconf 87' lang='lat' dir='ltr'>ostendit,</span> <span class='ocrx_word' id='word_1_267' title='bbox 1241 2639 1317 2686; x_wconf 89' lang='lat' dir='ltr'>cum</span> <span class='ocrx_word' id='word_1_268' title='bbox 1343 2622 1449 2684; x_wconf 86' lang='lat' dir='ltr'>dicit:</span> <span class='ocrx_word' id='word_1_269' title='bbox 1475 2622 1637 2683; x_wconf 81' lang='lat' dir='ltr'>Ascendit</span> <span class='ocrx_word' id='word_1_270' title='bbox 1660 2624 1764 2681; x_wconf 81' lang='lat' dir='ltr'>Dens.</span> 
     </span>
     <span class='ocr_line' id='line_1_25' title="bbox 154 2717 1766 2809; baseline 0 -31"><span class='ocrx_word' id='word_1_271' title='bbox 154 2720 271 2778; x_wconf 85' lang='lat' dir='ltr'>Basra</span> <span class='ocrx_word' id='word_1_272' title='bbox 290 2717 528 2796; x_wconf 90' lang='lat' dir='ltr'>interpretatur</span> <span class='ocrx_word' id='word_1_273' title='bbox 542 2720 667 2782; x_wconf 90' lang='lat' dir='ltr'>munita</span> <span class='ocrx_word' id='word_1_274' title='bbox 686 2721 744 2783; x_wconf 87' lang='lat' dir='ltr'>aut</span> <span class='ocrx_word' id='word_1_275' title='bbox 758 2721 864 2793; x_wconf 82' lang='lat' dir='ltr'>firma,</span> <span class='ocrx_word' id='word_1_276' title='bbox 881 2721 914 2782; x_wconf 91' lang='lat' dir='ltr'>et</span> <span class='ocrx_word' id='word_1_277' title='bbox 957 2726 1055 2809; x_wconf 26' lang='lat' dir='ltr'>&#39;Deus</span> <span class='ocrx_word' id='word_1_278' title='bbox 1079 2721 1259 2784; x_wconf 87' lang='lat' dir='ltr'>secundum</span> <span class='ocrx_word' id='word_1_279' title='bbox 1278 2720 1425 2782; x_wconf 84' lang='lat' dir='ltr'>divinam</span> <span class='ocrx_word' id='word_1_280' title='bbox 1446 2719 1600 2781; x_wconf 89' lang='lat' dir='ltr'>naturam</span> <span class='ocrx_word' id='word_1_281' title='bbox 1621 2733 1688 2778; x_wconf 86' lang='lat' dir='ltr'>nou</span> <span class='ocrx_word' id='word_1_282' title='bbox 1703 2732 1766 2793; x_wconf 91' lang='lat' dir='ltr'>po-</span> 
     </span>
     <span class='ocr_line' id='line_1_26' title="bbox 110 2804 1767 2897; baseline -0.001 -22"><span class='ocrx_word' id='word_1_283' title='bbox 110 2813 284 2891; x_wconf 79' lang='lat' dir='ltr'>significat</span> <span class='ocrx_word' id='word_1_284' title='bbox 302 2804 483 2889; x_wconf 77' lang='lat' dir='ltr'>infernum,</span> <span class='ocrx_word' id='word_1_285' title='bbox 505 2817 562 2879; x_wconf 93' lang='lat' dir='ltr'>ubi</span> <span class='ocrx_word' id='word_1_286' title='bbox 576 2818 715 2881; x_wconf 84' lang='lat' dir='ltr'>firmiter</span> <span class='ocrx_word' id='word_1_287' title='bbox 734 2819 831 2897; x_wconf 89' lang='lat' dir='ltr'>quasi</span> <span class='ocrx_word' id='word_1_288' title='bbox 853 2820 912 2880; x_wconf 90' lang='lat' dir='ltr'>sub</span> <span class='ocrx_word' id='word_1_289' title='bbox 967 2820 1031 2882; x_wconf 89' lang='lat' dir='ltr'>tuit</span> <span class='ocrx_word' id='word_1_290' title='bbox 1044 2819 1237 2890; x_wconf 89' lang='lat' dir='ltr'>ascendere,</span> <span class='ocrx_word' id='word_1_291' title='bbox 1262 2818 1340 2896; x_wconf 91' lang='lat' dir='ltr'>quia</span> <span class='ocrx_word' id='word_1_292' title='bbox 1366 2816 1547 2879; x_wconf 87' lang='lat' dir='ltr'>secuudum</span> <span class='ocrx_word' id='word_1_293' title='bbox 1569 2814 1656 2894; x_wconf 93' lang='lat' dir='ltr'>quod</span> <span class='ocrx_word' id='word_1_294' title='bbox 1680 2817 1767 2875; x_wconf 90' lang='lat' dir='ltr'>Deus</span> 
     </span>
     <span class='ocr_line' id='line_1_27' title="bbox 117 2911 1768 2993; baseline -0.001 -21"><span class='ocrx_word' id='word_1_295' title='bbox 117 2912 233 2974; x_wconf 90' lang='lat' dir='ltr'>multis</span> <span class='ocrx_word' id='word_1_296' title='bbox 243 2913 435 2975; x_wconf 85' lang='lat' dir='ltr'>custodibus</span> <span class='ocrx_word' id='word_1_297' title='bbox 456 2914 578 2977; x_wconf 72' lang='lat' dir='ltr'>atrimae</span> <span class='ocrx_word' id='word_1_298' title='bbox 591 2916 799 2978; x_wconf 88' lang='lat' dir='ltr'>tenebantur.</span> <span class='ocrx_word' id='word_1_299' title='bbox 815 2917 914 2978; x_wconf 82' lang='lat' dir='ltr'>Venit</span> <span class='ocrx_word' id='word_1_300' title='bbox 968 2918 1051 2989; x_wconf 87' lang='lat' dir='ltr'>erat,</span> <span class='ocrx_word' id='word_1_301' title='bbox 1068 2916 1210 2978; x_wconf 87' lang='lat' dir='ltr'>illocalis</span> <span class='ocrx_word' id='word_1_302' title='bbox 1230 2915 1263 2977; x_wconf 87' lang='lat' dir='ltr'>et</span> <span class='ocrx_word' id='word_1_303' title='bbox 1279 2914 1401 2992; x_wconf 90' lang='lat' dir='ltr'>ubique</span> <span class='ocrx_word' id='word_1_304' title='bbox 1420 2911 1673 2993; x_wconf 18' lang='lat' dir='ltr'>erat.&lt;Ascendit</span> <span class='ocrx_word' id='word_1_305' title='bbox 1687 2926 1768 2986; x_wconf 83' lang='lat' dir='ltr'>ergo</span> 
     </span>
     <span class='ocr_line' id='line_1_28' title="bbox 112 3008 1768 3086; baseline -0.001 -16"><span class='ocrx_word' id='word_1_306' title='bbox 112 3023 197 3086; x_wconf 80' lang='lat' dir='ltr'>ergo</span> <span class='ocrx_word' id='word_1_307' title='bbox 219 3011 369 3072; x_wconf 85' lang='lat' dir='ltr'>Christus</span> <span class='ocrx_word' id='word_1_308' title='bbox 392 3011 436 3072; x_wconf 86' lang='lat' dir='ltr'>da</span> <span class='ocrx_word' id='word_1_309' title='bbox 459 3015 580 3083; x_wconf 79' lang='lat' dir='ltr'>lidori,</span> <span class='ocrx_word' id='word_1_310' title='bbox 605 3014 701 3083; x_wconf 85' lang='lat' dir='ltr'>idest.</span> <span class='ocrx_word' id='word_1_311' title='bbox 727 3014 767 3076; x_wconf 88' lang='lat' dir='ltr'>de</span> <span class='ocrx_word' id='word_1_312' title='bbox 790 3014 913 3075; x_wconf 86' lang='lat' dir='ltr'>mundo</span> <span class='ocrx_word' id='word_1_313' title='bbox 968 3014 1149 3077; x_wconf 89' lang='lat' dir='ltr'>secundum</span> <span class='ocrx_word' id='word_1_314' title='bbox 1184 3013 1364 3073; x_wconf 87' lang='lat' dir='ltr'>humanam</span> <span class='ocrx_word' id='word_1_315' title='bbox 1393 3012 1558 3082; x_wconf 88' lang='lat' dir='ltr'>naturam,</span> <span class='ocrx_word' id='word_1_316' title='bbox 1586 3008 1768 3070; x_wconf 90' lang='lat' dir='ltr'>secundum</span> 
     </span>
     <span class='ocr_line' id='line_1_29' title="bbox 115 3103 1766 3191; baseline -0.001 -24"><span class='ocrx_word' id='word_1_317' title='bbox 115 3107 180 3168; x_wconf 90' lang='lat' dir='ltr'>isto</span> <span class='ocrx_word' id='word_1_318' title='bbox 205 3110 389 3184; x_wconf 81' lang='lat' dir='ltr'>sanguineo</span> <span class='ocrx_word' id='word_1_319' title='bbox 408 3109 599 3181; x_wconf 89' lang='lat' dir='ltr'>etterreuo,</span> <span class='ocrx_word' id='word_1_320' title='bbox 620 3111 732 3174; x_wconf 88' lang='lat' dir='ltr'>tinctis</span> <span class='ocrx_word' id='word_1_321' title='bbox 753 3112 911 3184; x_wconf 86' lang='lat' dir='ltr'>vestibus,</span> <span class='ocrx_word' id='word_1_322' title='bbox 968 3129 1068 3191; x_wconf 91' lang='lat' dir='ltr'>quam</span> <span class='ocrx_word' id='word_1_323' title='bbox 1082 3109 1199 3172; x_wconf 86' lang='lat' dir='ltr'>localis</span> <span class='ocrx_word' id='word_1_324' title='bbox 1221 3110 1293 3171; x_wconf 89' lang='lat' dir='ltr'>erat</span> <span class='ocrx_word' id='word_1_325' title='bbox 1311 3124 1373 3171; x_wconf 91' lang='lat' dir='ltr'>nec</span> <span class='ocrx_word' id='word_1_326' title='bbox 1395 3107 1517 3185; x_wconf 89' lang='lat' dir='ltr'>ubique</span> <span class='ocrx_word' id='word_1_327' title='bbox 1539 3103 1766 3183; x_wconf 85' lang='lat' dir='ltr'>permanebat.</span> 
     </span>
     <span class='ocr_line' id='line_1_30' title="bbox 116 3202 1769 3286; baseline 0 -23"><span class='ocrx_word' id='word_1_328' title='bbox 116 3203 214 3278; x_wconf 91' lang='lat' dir='ltr'>idest,</span> <span class='ocrx_word' id='word_1_329' title='bbox 232 3207 400 3283; x_wconf 90' lang='lat' dir='ltr'>corporeis</span> <span class='ocrx_word' id='word_1_330' title='bbox 412 3206 580 3281; x_wconf 85' lang='lat' dir='ltr'>membris,</span> <span class='ocrx_word' id='word_1_331' title='bbox 594 3210 689 3286; x_wconf 89' lang='lat' dir='ltr'>quasi</span> <span class='ocrx_word' id='word_1_332' title='bbox 701 3210 829 3272; x_wconf 86' lang='lat' dir='ltr'>diceret</span> <span class='ocrx_word' id='word_1_333' title='bbox 837 3225 914 3271; x_wconf 76' lang='lat' dir='ltr'>sam</span> <span class='ocrx_word' id='word_1_334' title='bbox 968 3208 1137 3280; x_wconf 88' lang='lat' dir='ltr'>Quomodo</span> <span class='ocrx_word' id='word_1_335' title='bbox 1157 3204 1315 3279; x_wconf 88' lang='lat' dir='ltr'>ascendit,</span> <span class='ocrx_word' id='word_1_336' title='bbox 1340 3205 1484 3267; x_wconf 87' lang='lat' dir='ltr'>ostendit</span> <span class='ocrx_word' id='word_1_337' title='bbox 1506 3220 1581 3265; x_wconf 91' lang='lat' dir='ltr'>cum</span> <span class='ocrx_word' id='word_1_338' title='bbox 1603 3202 1707 3264; x_wconf 87' lang='lat' dir='ltr'>dicit:</span> <span class='ocrx_word' id='word_1_339' title='bbox 1730 3205 1769 3263; x_wconf 86' lang='lat' dir='ltr'>in</span> 
     </span>
     <span class='ocr_line' id='line_1_31' title="bbox 112 3299 1766 3380; baseline -0.002 -17"><span class='ocrx_word' id='word_1_340' title='bbox 112 3305 324 3378; x_wconf 76' lang='lat' dir='ltr'>quinotentis</span> <span class='ocrx_word' id='word_1_341' title='bbox 333 3307 508 3366; x_wconf 82' lang='lat' dir='ltr'>membris.</span> <span class='ocrx_word' id='word_1_342' title='bbox 517 3306 616 3366; x_wconf 86' lang='lat' dir='ltr'>Venit</span> <span class='ocrx_word' id='word_1_343' title='bbox 628 3306 668 3368; x_wconf 92' lang='lat' dir='ltr'>de</span> <span class='ocrx_word' id='word_1_344' title='bbox 676 3311 801 3378; x_wconf 86' lang='lat' dir='ltr'>Bosra,</span> <span class='ocrx_word' id='word_1_345' title='bbox 816 3307 912 3379; x_wconf 89' lang='lat' dir='ltr'>idest,</span> <span class='ocrx_word' id='word_1_346' title='bbox 961 3306 1177 3380; x_wconf 81' lang='lat' dir='ltr'>jubilatione.</span> <span class='ocrx_word' id='word_1_347' title='bbox 1186 3302 1318 3366; x_wconf 78' lang='lat' dir='ltr'>dubitus</span> <span class='ocrx_word' id='word_1_348' title='bbox 1327 3304 1378 3365; x_wconf 87' lang='lat' dir='ltr'>est</span> <span class='ocrx_word' id='word_1_349' title='bbox 1387 3299 1766 3377; x_wconf 81' lang='lat' dir='ltr'>immensumgaudium,</span> 
     </span>
     <span class='ocr_line' id='line_1_32' title="bbox 113 3398 1769 3481; baseline -0.002 -20"><span class='ocrx_word' id='word_1_350' title='bbox 113 3398 159 3461; x_wconf 87' lang='lat' dir='ltr'>de</span> <span class='ocrx_word' id='word_1_351' title='bbox 171 3400 302 3461; x_wconf 78' lang='lat' dir='ltr'>inferno</span> <span class='ocrx_word' id='word_1_352' title='bbox 320 3401 654 3479; x_wconf 83' lang='lat' dir='ltr'>exspoliato,quand0</span> <span class='ocrx_word' id='word_1_353' title='bbox 665 3403 914 3466; x_wconf 78' lang='lat' dir='ltr'>eduxitrinctos</span> <span class='ocrx_word' id='word_1_354' title='bbox 969 3402 1056 3481; x_wconf 92' lang='lat' dir='ltr'>quod</span> <span class='ocrx_word' id='word_1_355' title='bbox 1079 3418 1142 3463; x_wconf 83' lang='lat' dir='ltr'>aec</span> <span class='ocrx_word' id='word_1_356' title='bbox 1164 3401 1301 3463; x_wconf 88' lang='lat' dir='ltr'>omnino</span> <span class='ocrx_word' id='word_1_357' title='bbox 1321 3400 1431 3478; x_wconf 91' lang='lat' dir='ltr'>potest</span> <span class='ocrx_word' id='word_1_358' title='bbox 1447 3399 1601 3476; x_wconf 78' lang='lat' dir='ltr'>exprimi,</span> <span class='ocrx_word' id='word_1_359' title='bbox 1617 3412 1679 3459; x_wconf 90' lang='lat' dir='ltr'>uec</span> <span class='ocrx_word' id='word_1_360' title='bbox 1696 3412 1769 3458; x_wconf 90' lang='lat' dir='ltr'>om-</span> 
     </span>
     <span class='ocr_line' id='line_1_33' title="bbox 113 3493 1768 3577; baseline -0.004 -17"><span class='ocrx_word' id='word_1_361' title='bbox 113 3498 159 3560; x_wconf 91' lang='lat' dir='ltr'>de</span> <span class='ocrx_word' id='word_1_362' title='bbox 174 3499 251 3559; x_wconf 91' lang='lat' dir='ltr'>lacu</span> <span class='ocrx_word' id='word_1_363' title='bbox 265 3498 322 3559; x_wconf 91' lang='lat' dir='ltr'>ubi</span> <span class='ocrx_word' id='word_1_364' title='bbox 340 3515 406 3560; x_wconf 89' lang='lat' dir='ltr'>non</span> <span class='ocrx_word' id='word_1_365' title='bbox 427 3500 500 3561; x_wconf 90' lang='lat' dir='ltr'>erat</span> <span class='ocrx_word' id='word_1_366' title='bbox 513 3515 611 3577; x_wconf 89' lang='lat' dir='ltr'>aqua,</span> <span class='ocrx_word' id='word_1_367' title='bbox 634 3501 721 3562; x_wconf 86' lang='lat' dir='ltr'>sicut</span> <span class='ocrx_word' id='word_1_368' title='bbox 734 3501 856 3577; x_wconf 77' lang='lat' dir='ltr'>legitur</span> <span class='ocrx_word' id='word_1_369' title='bbox 878 3503 914 3564; x_wconf 90' lang='lat' dir='ltr'>in</span> <span class='ocrx_word' id='word_1_370' title='bbox 968 3501 1048 3562; x_wconf 87' lang='lat' dir='ltr'>nino</span> <span class='ocrx_word' id='word_1_371' title='bbox 1060 3498 1260 3562; x_wconf 86' lang='lat' dir='ltr'>tacerl.Fuit</span> <span class='ocrx_word' id='word_1_372' title='bbox 1274 3499 1384 3561; x_wconf 87' lang='lat' dir='ltr'>autem</span> <span class='ocrx_word' id='word_1_373' title='bbox 1392 3496 1548 3574; x_wconf 85' lang='lat' dir='ltr'>jubilatio</span> <span class='ocrx_word' id='word_1_374' title='bbox 1562 3493 1768 3556; x_wconf 90' lang='lat' dir='ltr'>solummodo</span> 
     </span>
     <span class='ocr_line' id='line_1_34' title="bbox 117 3591 1770 3677; baseline -0.004 -20"><span class='ocrx_word' id='word_1_375' title='bbox 117 3596 315 3657; x_wconf 81' lang='lat' dir='ltr'>Z&#39;acbaria:</span> <span class='ocrx_word' id='word_1_376' title='bbox 348 3600 393 3658; x_wconf 83' lang='lat' dir='ltr'>In</span> <span class='ocrx_word' id='word_1_377' title='bbox 425 3601 595 3673; x_wconf 75' lang='lat' dir='ltr'>sanquine</span> <span class='ocrx_word' id='word_1_378' title='bbox 629 3598 827 3661; x_wconf 78' lang='lat' dir='ltr'>testamenti</span> <span class='ocrx_word' id='word_1_379' title='bbox 863 3601 915 3662; x_wconf 76' lang='lat' dir='ltr'>iai</span> <span class='ocrx_word' id='word_1_380' title='bbox 968 3614 1028 3677; x_wconf 89' lang='lat' dir='ltr'>pro</span> <span class='ocrx_word' id='word_1_381' title='bbox 1041 3597 1188 3669; x_wconf 85' lang='lat' dir='ltr'>aeternis,</span> <span class='ocrx_word' id='word_1_382' title='bbox 1206 3611 1272 3658; x_wconf 91' lang='lat' dir='ltr'>non</span> <span class='ocrx_word' id='word_1_383' title='bbox 1291 3608 1350 3673; x_wconf 86' lang='lat' dir='ltr'>pro</span> <span class='ocrx_word' id='word_1_384' title='bbox 1363 3593 1602 3672; x_wconf 86' lang='lat' dir='ltr'>temporalibus</span> <span class='ocrx_word' id='word_1_385' title='bbox 1618 3592 1652 3654; x_wconf 91' lang='lat' dir='ltr'>et</span> <span class='ocrx_word' id='word_1_386' title='bbox 1665 3591 1770 3653; x_wconf 89' lang='lat' dir='ltr'>cadu-</span> 
     </span>
     <span class='ocr_line' id='line_1_35' title="bbox 114 3691 1770 3779; baseline -0.002 -24"><span class='ocrx_word' id='word_1_387' title='bbox 114 3693 274 3755; x_wconf 73' lang='lat' dir='ltr'>educati</span> <span class='ocrx_word' id='word_1_388' title='bbox 287 3695 420 3757; x_wconf 81' lang='lat' dir='ltr'>ciricius</span> <span class='ocrx_word' id='word_1_389' title='bbox 437 3698 480 3755; x_wconf 84' lang='lat' dir='ltr'>de</span> <span class='ocrx_word' id='word_1_390' title='bbox 490 3700 569 3757; x_wconf 82' lang='lat' dir='ltr'>locu</span> <span class='ocrx_word' id='word_1_391' title='bbox 582 3696 639 3758; x_wconf 83' lang='lat' dir='ltr'>nbi</span> <span class='ocrx_word' id='word_1_392' title='bbox 653 3697 928 3779; x_wconf 75' lang='lat' dir='ltr'>numerataque</span> <span class='ocrx_word' id='word_1_393' title='bbox 969 3696 1028 3758; x_wconf 89' lang='lat' dir='ltr'>cis.</span> <span class='ocrx_word' id='word_1_394' title='bbox 1046 3696 1139 3758; x_wconf 89' lang='lat' dir='ltr'>Unde</span> <span class='ocrx_word' id='word_1_395' title='bbox 1152 3694 1328 3756; x_wconf 87' lang='lat' dir='ltr'>Psalmista</span> <span class='ocrx_word' id='word_1_396' title='bbox 1342 3692 1458 3755; x_wconf 83' lang='lat' dir='ltr'>rolens</span> <span class='ocrx_word' id='word_1_397' title='bbox 1472 3691 1661 3769; x_wconf 85' lang='lat' dir='ltr'>exprimere</span> <span class='ocrx_word' id='word_1_398' title='bbox 1675 3705 1770 3753; x_wconf 88' lang='lat' dir='ltr'>sanc·</span> 
     </span>
     <span class='ocr_line' id='line_1_36' title="bbox 119 3788 1767 3872; baseline -0.002 -20"><span class='ocrx_word' id='word_1_399' title='bbox 119 3788 233 3869; x_wconf 87' lang='lat' dir='ltr'>(Zaob.</span> <span class='ocrx_word' id='word_1_400' title='bbox 250 3807 297 3863; x_wconf 86' lang='grc' dir='ltr'>ιιι,</span> <span class='ocrx_word' id='word_1_401' title='bbox 314 3790 378 3872; x_wconf 82' lang='grc'><strong>11).</strong></span> <span class='ocrx_word' id='word_1_402' title='bbox 968 3795 1077 3858; x_wconf 87' lang='lat' dir='ltr'>torum</span> <span class='ocrx_word' id='word_1_403' title='bbox 1090 3793 1240 3854; x_wconf 75' lang='lat' dir='ltr'>laetitiam</span> <span class='ocrx_word' id='word_1_404' title='bbox 1257 3791 1304 3853; x_wconf 86' lang='lat' dir='ltr'>ait</span> <span class='ocrx_word' id='word_1_405' title='bbox 1315 3791 1527 3854; x_wconf 87' lang='lat' dir='ltr'>intercaetera</span> <span class='ocrx_word' id='word_1_406' title='bbox 1541 3789 1691 3852; x_wconf 71' lang='lat' dir='ltr'>eBeatns</span> <span class='ocrx_word' id='word_1_407' title='bbox 1700 3802 1767 3862; x_wconf 81' lang='lat' dir='ltr'>po·</span> 
     </span>
     <span class='ocr_line' id='line_1_37' title="bbox 159 3884 1766 3968; baseline -0.003 -18"><span class='ocrx_word' id='word_1_408' title='bbox 159 3890 232 3953; x_wconf 86' lang='lat' dir='ltr'>Isie</span> <span class='ocrx_word' id='word_1_409' title='bbox 257 3892 432 3965; x_wconf 74' lang='lat' dir='ltr'>formosus</span> <span class='ocrx_word' id='word_1_410' title='bbox 454 3894 492 3954; x_wconf 88' lang='lat' dir='ltr'>in</span> <span class='ocrx_word' id='word_1_411' title='bbox 511 3892 599 3956; x_wconf 83' lang='lat' dir='ltr'>stolo</span> <span class='ocrx_word' id='word_1_412' title='bbox 619 3909 695 3966; x_wconf 80' lang='lat' dir='ltr'>suo,</span> <span class='ocrx_word' id='word_1_413' title='bbox 721 3892 808 3959; x_wconf 90' lang='lat' dir='ltr'>sicut</span> <span class='ocrx_word' id='word_1_414' title='bbox 834 3892 915 3957; x_wconf 89' lang='lat' dir='ltr'>dicit</span> <span class='ocrx_word' id='word_1_415' title='bbox 965 3897 1078 3968; x_wconf 81' lang='lat' dir='ltr'>putus,</span> <span class='ocrx_word' id='word_1_416' title='bbox 1099 3893 1158 3966; x_wconf 80' lang='lat' dir='ltr'>qni</span> <span class='ocrx_word' id='word_1_417' title='bbox 1182 3891 1247 3955; x_wconf 86' lang='lat' dir='ltr'>scii</span> <span class='ocrx_word' id='word_1_418' title='bbox 1275 3890 1516 3963; x_wconf 78' lang='lat' dir='ltr'>jubitationem</span> <span class='ocrx_word' id='word_1_419' title='bbox 1538 3886 1683 3967; x_wconf 73' lang='lat' dir='ltr'>(Psilis,</span> <span class='ocrx_word' id='word_1_420' title='bbox 1703 3884 1766 3965; x_wconf 92' lang='grc'><strong>16).</strong></span> 
     </span>
     <span class='ocr_line' id='line_1_38' title="bbox 119 3985 1771 4066; baseline -0.003 -18"><span class='ocrx_word' id='word_1_421' title='bbox 119 3986 244 4050; x_wconf 81' lang='lat' dir='ltr'>David:</span> <span class='ocrx_word' id='word_1_422' title='bbox 266 3989 447 4061; x_wconf 78' lang='lat' dir='ltr'>speciosus</span> <span class='ocrx_word' id='word_1_423' title='bbox 471 3992 588 4065; x_wconf 81' lang='lat' dir='ltr'>formo</span> <span class='ocrx_word' id='word_1_424' title='bbox 605 4006 686 4066; x_wconf 78' lang='lat' dir='ltr'>prce</span> <span class='ocrx_word' id='word_1_425' title='bbox 707 3994 788 4065; x_wconf 69' lang='lat' dir='ltr'>litiis</span> <span class='ocrx_word' id='word_1_426' title='bbox 805 3995 916 4055; x_wconf 80' lang='lat' dir='ltr'>borni-</span> <span class='ocrx_word' id='word_1_427' title='bbox 968 3992 1037 4053; x_wconf 94' lang='lat' dir='ltr'>Nos</span> <span class='ocrx_word' id='word_1_428' title='bbox 1052 3990 1130 4052; x_wconf 91' lang='lat' dir='ltr'>dum</span> <span class='ocrx_word' id='word_1_429' title='bbox 1151 4004 1266 4051; x_wconf 88' lang='lat' dir='ltr'>sumus</span> <span class='ocrx_word' id='word_1_430' title='bbox 1289 3988 1325 4049; x_wconf 90' lang='lat' dir='ltr'>in</span> <span class='ocrx_word' id='word_1_431' title='bbox 1344 3987 1408 4049; x_wconf 91' lang='lat' dir='ltr'>boc</span> <span class='ocrx_word' id='word_1_432' title='bbox 1429 3985 1552 4048; x_wconf 87' lang='lat' dir='ltr'>saeculo</span> <span class='ocrx_word' id='word_1_433' title='bbox 1567 4000 1635 4046; x_wconf 91' lang='lat' dir='ltr'>uon</span> <span class='ocrx_word' id='word_1_434' title='bbox 1651 3998 1771 4060; x_wconf 92' lang='lat' dir='ltr'>possu-</span> 
     </span>
     <span class='ocr_line' id='line_1_39' title="bbox 119 4079 1769 4164; baseline -0.002 -20"><span class='ocrx_word' id='word_1_435' title='bbox 119 4099 205 4145; x_wconf 86' lang='lat' dir='ltr'>num</span> <span class='ocrx_word' id='word_1_436' title='bbox 225 4082 294 4163; x_wconf 87' lang='lat' dir='ltr'>(Ps.</span> <span class='ocrx_word' id='word_1_437' title='bbox 312 4089 364 4155; x_wconf 80' lang='grc'>44,</span> <span class='ocrx_word' id='word_1_438' title='bbox 386 4083 432 4164; x_wconf 88' lang='grc'><strong>3).</strong></span> <span class='ocrx_word' id='word_1_439' title='bbox 449 4086 602 4161; x_wconf 77' lang='lat' dir='ltr'>Insteio,</span> <span class='ocrx_word' id='word_1_440' title='bbox 623 4088 719 4161; x_wconf 91' lang='lat' dir='ltr'>idest,</span> <span class='ocrx_word' id='word_1_441' title='bbox 739 4089 776 4151; x_wconf 89' lang='lat' dir='ltr'>in</span> <span class='ocrx_word' id='word_1_442' title='bbox 798 4087 915 4150; x_wconf 90' lang='lat' dir='ltr'>babitu</span> <span class='ocrx_word' id='word_1_443' title='bbox 969 4104 1041 4149; x_wconf 89' lang='lat' dir='ltr'>mus</span> <span class='ocrx_word' id='word_1_444' title='bbox 1067 4087 1154 4148; x_wconf 90' lang='lat' dir='ltr'>scire</span> <span class='ocrx_word' id='word_1_445' title='bbox 1173 4084 1423 4163; x_wconf 87' lang='lat' dir='ltr'>jubilationem,</span> <span class='ocrx_word' id='word_1_446' title='bbox 1454 4082 1512 4145; x_wconf 89' lang='lat' dir='ltr'>sed</span> <span class='ocrx_word' id='word_1_447' title='bbox 1540 4079 1769 4145; x_wconf 85' lang='lat' dir='ltr'>tantummodo</span> 
     </span>
     <span class='ocr_line' id='line_1_40' title="bbox 120 4176 1771 4262; baseline -0.002 -22"><span class='ocrx_word' id='word_1_448' title='bbox 120 4177 527 4259; x_wconf 68' lang='lat' dir='ltr'>humanitatimpradicns</span> <span class='ocrx_word' id='word_1_449' title='bbox 547 4188 585 4246; x_wconf 88' lang='lat' dir='ltr'>in</span> <span class='ocrx_word' id='word_1_450' title='bbox 604 4186 823 4248; x_wconf 65' lang='lat' dir='ltr'>mestitudine</span> <span class='ocrx_word' id='word_1_451' title='bbox 836 4190 914 4247; x_wconf 84' lang='lat' dir='ltr'>cir·</span> <span class='ocrx_word' id='word_1_452' title='bbox 969 4199 1144 4262; x_wconf 88' lang='lat' dir='ltr'>possumus</span> <span class='ocrx_word' id='word_1_453' title='bbox 1178 4181 1362 4259; x_wconf 87' lang='lat' dir='ltr'>praedicare</span> <span class='ocrx_word' id='word_1_454' title='bbox 1386 4182 1420 4244; x_wconf 92' lang='lat' dir='ltr'>et</span> <span class='ocrx_word' id='word_1_455' title='bbox 1445 4180 1596 4252; x_wconf 86' lang='lat' dir='ltr'>definire,</span> <span class='ocrx_word' id='word_1_456' title='bbox 1622 4178 1700 4256; x_wconf 91' lang='lat' dir='ltr'>quid</span> <span class='ocrx_word' id='word_1_457' title='bbox 1726 4176 1771 4238; x_wconf 87' lang='lat' dir='ltr'>sit</span> 
     </span>
     <span class='ocr_line' id='line_1_41' title="bbox 119 4276 1768 4359; baseline -0.002 -22"><span class='ocrx_word' id='word_1_458' title='bbox 119 4277 205 4340; x_wconf 83' lang='lat' dir='ltr'>tutis</span> <span class='ocrx_word' id='word_1_459' title='bbox 228 4295 315 4352; x_wconf 82' lang='lat' dir='ltr'>sace,</span> <span class='ocrx_word' id='word_1_460' title='bbox 343 4279 429 4342; x_wconf 89' lang='lat' dir='ltr'>idest</span> <span class='ocrx_word' id='word_1_461' title='bbox 452 4280 489 4342; x_wconf 91' lang='lat' dir='ltr'>in</span> <span class='ocrx_word' id='word_1_462' title='bbox 514 4282 661 4357; x_wconf 90' lang='lat' dir='ltr'>potentia</span> <span class='ocrx_word' id='word_1_463' title='bbox 686 4298 756 4343; x_wconf 84' lang='lat' dir='ltr'>suae</span> <span class='ocrx_word' id='word_1_464' title='bbox 791 4282 915 4343; x_wconf 84' lang='lat' dir='ltr'>divini-</span> <span class='ocrx_word' id='word_1_465' title='bbox 966 4280 1133 4359; x_wconf 84' lang='lat' dir='ltr'>jubilatio.</span> <span class='ocrx_word' id='word_1_466' title='bbox 1151 4278 1288 4352; x_wconf 87' lang='lat' dir='ltr'>Quando</span> <span class='ocrx_word' id='word_1_467' title='bbox 1302 4293 1382 4342; x_wconf 82' lang='lat' dir='ltr'>vero</span> <span class='ocrx_word' id='word_1_468' title='bbox 1398 4293 1472 4338; x_wconf 91' lang='lat' dir='ltr'>cum</span> <span class='ocrx_word' id='word_1_469' title='bbox 1488 4276 1619 4338; x_wconf 88' lang='lat' dir='ltr'>Christo</span> <span class='ocrx_word' id='word_1_470' title='bbox 1642 4289 1768 4349; x_wconf 78' lang='lat' dir='ltr'>regna-</span> 
     </span>
     <span class='ocr_line' id='line_1_42' title="bbox 121 4371 1772 4457; baseline -0.003 -21"><span class='ocrx_word' id='word_1_471' title='bbox 121 4375 210 4437; x_wconf 88' lang='lat' dir='ltr'>tatis.</span> <span class='ocrx_word' id='word_1_472' title='bbox 237 4377 375 4454; x_wconf 80' lang='lat' dir='ltr'>Angelis</span> <span class='ocrx_word' id='word_1_473' title='bbox 407 4377 606 4452; x_wconf 85' lang='lat' dir='ltr'>tacentibus,</span> <span class='ocrx_word' id='word_1_474' title='bbox 620 4379 693 4456; x_wconf 90' lang='lat' dir='ltr'>ipse</span> <span class='ocrx_word' id='word_1_475' title='bbox 722 4379 912 4457; x_wconf 88' lang='lat' dir='ltr'>respondit:</span> <span class='ocrx_word' id='word_1_476' title='bbox 967 4378 1089 4450; x_wconf 90' lang='lat' dir='ltr'>bimus,</span> <span class='ocrx_word' id='word_1_477' title='bbox 1105 4377 1184 4440; x_wconf 90' lang='lat' dir='ltr'>tunc</span> <span class='ocrx_word' id='word_1_478' title='bbox 1212 4376 1356 4438; x_wconf 89' lang='lat' dir='ltr'>sciemus</span> <span class='ocrx_word' id='word_1_479' title='bbox 1378 4373 1611 4452; x_wconf 88' lang='lat' dir='ltr'>jubilationem</span> <span class='ocrx_word' id='word_1_480' title='bbox 1631 4371 1711 4448; x_wconf 87' lang='lat' dir='ltr'>quia</span> <span class='ocrx_word' id='word_1_481' title='bbox 1735 4372 1772 4431; x_wconf 89' lang='lat' dir='ltr'>ut</span> 
     </span>
     <span class='ocr_line' id='line_1_43' title="bbox 122 4471 1772 4551; baseline -0.002 -18"><span class='ocrx_word' id='word_1_482' title='bbox 122 4474 194 4548; x_wconf 81' lang='lat' dir='ltr'>Epo</span> <span class='ocrx_word' id='word_1_483' title='bbox 225 4491 303 4537; x_wconf 85' lang='lat' dir='ltr'>sum</span> <span class='ocrx_word' id='word_1_484' title='bbox 337 4478 397 4550; x_wconf 85' lang='lat' dir='ltr'>qui</span> <span class='ocrx_word' id='word_1_485' title='bbox 416 4481 536 4551; x_wconf 83' lang='lat' dir='ltr'>loquor</span> <span class='ocrx_word' id='word_1_486' title='bbox 557 4476 746 4550; x_wconf 76' lang='lat' dir='ltr'>justitiam,</span> <span class='ocrx_word' id='word_1_487' title='bbox 769 4480 915 4540; x_wconf 77' lang='lat' dir='ltr'>reddens</span> <span class='ocrx_word' id='word_1_488' title='bbox 971 4476 1052 4538; x_wconf 91' lang='lat' dir='ltr'>dicit</span> <span class='ocrx_word' id='word_1_489' title='bbox 1064 4478 1212 4538; x_wconf 83' lang='lat' dir='ltr'>loannes</span> <span class='ocrx_word' id='word_1_490' title='bbox 1231 4494 1239 4534; x_wconf 74' lang='grc' dir='ltr'><strong><em>ε</em></strong></span> <span class='ocrx_word' id='word_1_491' title='bbox 1257 4476 1342 4537; x_wconf 83' lang='lat' dir='ltr'>Cum</span> <span class='ocrx_word' id='word_1_492' title='bbox 1356 4471 1572 4548; x_wconf 82' lang='lat' dir='ltr'>oppomcerii,</span> <span class='ocrx_word' id='word_1_493' title='bbox 1588 4472 1717 4535; x_wconf 74' lang='lat' dir='ltr'>simies</span> <span class='ocrx_word' id='word_1_494' title='bbox 1739 4472 1772 4531; x_wconf 84' lang='lat' dir='ltr'>ei</span> 
     </span>
     <span class='ocr_line' id='line_1_44' title="bbox 121 4566 1772 4651; baseline -0.003 -19"><span class='ocrx_word' id='word_1_495' title='bbox 121 4574 304 4646; x_wconf 65' lang='lat' dir='ltr'>animmque</span> <span class='ocrx_word' id='word_1_496' title='bbox 322 4577 511 4636; x_wconf 76' lang='lat' dir='ltr'>samnitum</span> <span class='ocrx_word' id='word_1_497' title='bbox 528 4588 635 4649; x_wconf 84' lang='lat' dir='ltr'>opera</span> <span class='ocrx_word' id='word_1_498' title='bbox 653 4589 738 4647; x_wconf 85' lang='lat' dir='ltr'>sua;</span> <span class='ocrx_word' id='word_1_499' title='bbox 758 4590 820 4651; x_wconf 80' lang='lat' dir='ltr'>epo</span> <span class='ocrx_word' id='word_1_500' title='bbox 837 4590 916 4637; x_wconf 83' lang='lat' dir='ltr'>snm</span> <span class='ocrx_word' id='word_1_501' title='bbox 969 4577 1113 4645; x_wconf 77' lang='lat' dir='ltr'>emmas,</span> <span class='ocrx_word' id='word_1_502' title='bbox 1143 4575 1225 4647; x_wconf 83' lang='lat' dir='ltr'>quta</span> <span class='ocrx_word' id='word_1_503' title='bbox 1251 4573 1442 4632; x_wconf 77' lang='lat' dir='ltr'>videbimus</span> <span class='ocrx_word' id='word_1_504' title='bbox 1473 4584 1554 4631; x_wconf 84' lang='lat' dir='ltr'>enm</span> <span class='ocrx_word' id='word_1_505' title='bbox 1584 4568 1688 4629; x_wconf 80' lang='lat' dir='ltr'>sicuti</span> <span class='ocrx_word' id='word_1_506' title='bbox 1719 4566 1772 4628; x_wconf 87' lang='lat' dir='ltr'>esi</span> 
     </span>
     <span class='ocr_line' id='line_1_45' title="bbox 121 4664 1770 4750; baseline -0.011 -8"><span class='ocrx_word' id='word_1_507' title='bbox 121 4670 561 4746; x_wconf 70' lang='lat' dir='ltr'>monnamiordoemonum</span> <span class='ocrx_word' id='word_1_508' title='bbox 579 4675 841 4735; x_wconf 72' lang='lat' dir='ltr'>circinandam</span> <span class='ocrx_word' id='word_1_509' title='bbox 858 4687 918 4749; x_wconf 76' lang='lat' dir='ltr'>qe·</span> <span class='ocrx_word' id='word_1_510' title='bbox 972 4670 1002 4750; x_wconf 81' lang='grc' dir='ltr'>(Ι</span> <span class='ocrx_word' id='word_1_511' title='bbox 1015 4673 1135 4733; x_wconf 83' lang='lat' dir='ltr'>loann.</span> <span class='ocrx_word' id='word_1_512' title='bbox 1151 4685 1201 4743; x_wconf 93' lang='lat'>111,</span> <span class='ocrx_word' id='word_1_513' title='bbox 1216 4666 1263 4747; x_wconf 83' lang='lat'>2).</span> <span class='ocrx_word' id='word_1_514' title='bbox 1280 4666 1381 4740; x_wconf 89' lang='lat' dir='ltr'>Quasi</span> <span class='ocrx_word' id='word_1_515' title='bbox 1396 4667 1544 4729; x_wconf 84' lang='lat' dir='ltr'>diceret:</span> <span class='ocrx_word' id='word_1_516' title='bbox 1564 4664 1700 4737; x_wconf 91' lang='lat' dir='ltr'>Quando</span> <span class='ocrx_word' id='word_1_517' title='bbox 1714 4664 1770 4725; x_wconf 91' lang='lat' dir='ltr'>vi·</span> 
     </span>
     <span class='ocr_line' id='line_1_46' title="bbox 122 4763 1769 4849; baseline -0.002 -24"><span class='ocrx_word' id='word_1_518' title='bbox 122 4779 188 4826; x_wconf 84' lang='lat' dir='ltr'>nus</span> <span class='ocrx_word' id='word_1_519' title='bbox 203 4771 398 4830; x_wconf 74' lang='lat' dir='ltr'>numanum</span> <span class='ocrx_word' id='word_1_520' title='bbox 419 4765 476 4847; x_wconf 87' lang='lat' dir='ltr'>(Is.</span> <span class='ocrx_word' id='word_1_521' title='bbox 494 4784 590 4841; x_wconf 82' lang='grc' dir='ltr'>ιιιιι,</span> <span class='ocrx_word' id='word_1_522' title='bbox 617 4769 662 4849; x_wconf 85' lang='grc'><strong>1).</strong></span> <span class='ocrx_word' id='word_1_523' title='bbox 688 4770 811 4832; x_wconf 91' lang='lat' dir='ltr'>Iterum</span> <span class='ocrx_word' id='word_1_524' title='bbox 826 4786 918 4847; x_wconf 86' lang='lat' dir='ltr'>quae-</span> <span class='ocrx_word' id='word_1_525' title='bbox 972 4766 1062 4829; x_wconf 90' lang='lat' dir='ltr'>debit</span> <span class='ocrx_word' id='word_1_526' title='bbox 1074 4767 1187 4830; x_wconf 87' lang='lat' dir='ltr'>anima</span> <span class='ocrx_word' id='word_1_527' title='bbox 1201 4766 1315 4827; x_wconf 86' lang='lat' dir='ltr'>nostra</span> <span class='ocrx_word' id='word_1_528' title='bbox 1331 4765 1498 4827; x_wconf 81' lang='lat' dir='ltr'>christum</span> <span class='ocrx_word' id='word_1_529' title='bbox 1517 4779 1631 4826; x_wconf 84' lang='lat' dir='ltr'>reram</span> <span class='ocrx_word' id='word_1_530' title='bbox 1649 4763 1769 4835; x_wconf 90' lang='lat' dir='ltr'>lucem,</span> 
     </span>
     <span class='ocr_line' id='line_1_47' title="bbox 124 4859 1772 4945; baseline 0 -25"><span class='ocrx_word' id='word_1_531' title='bbox 124 4863 201 4924; x_wconf 88' lang='lat' dir='ltr'>runt</span> <span class='ocrx_word' id='word_1_532' title='bbox 211 4864 354 4940; x_wconf 76' lang='lat' dir='ltr'>angeli:</span> <span class='ocrx_word' id='word_1_533' title='bbox 371 4864 406 4927; x_wconf 84' lang='lat' dir='ltr'>Si</span> <span class='ocrx_word' id='word_1_534' title='bbox 423 4864 501 4927; x_wconf 89' lang='lat' dir='ltr'>talis</span> <span class='ocrx_word' id='word_1_535' title='bbox 523 4881 571 4936; x_wconf 90' lang='lat' dir='ltr'>es,</span> <span class='ocrx_word' id='word_1_536' title='bbox 588 4882 690 4945; x_wconf 88' lang='lat' dir='ltr'>quare</span> <span class='ocrx_word' id='word_1_537' title='bbox 710 4867 849 4928; x_wconf 88' lang='lat' dir='ltr'>rubrum</span> <span class='ocrx_word' id='word_1_538' title='bbox 868 4867 919 4929; x_wconf 87' lang='lat' dir='ltr'>est</span> <span class='ocrx_word' id='word_1_539' title='bbox 972 4867 1158 4944; x_wconf 90' lang='lat' dir='ltr'>ipsaetiam</span> <span class='ocrx_word' id='word_1_540' title='bbox 1175 4864 1288 4925; x_wconf 87' lang='lat' dir='ltr'>anima</span> <span class='ocrx_word' id='word_1_541' title='bbox 1308 4863 1372 4926; x_wconf 89' lang='lat' dir='ltr'>erit</span> <span class='ocrx_word' id='word_1_542' title='bbox 1391 4862 1461 4924; x_wconf 83' lang='lat' dir='ltr'>lux.</span> <span class='ocrx_word' id='word_1_543' title='bbox 1478 4863 1653 4927; x_wconf 81' lang='lat' dir='ltr'>Nemeum</span> <span class='ocrx_word' id='word_1_544' title='bbox 1675 4859 1772 4921; x_wconf 89' lang='lat' dir='ltr'>Chri-</span> 
     </span>
     <span class='ocr_line' id='line_1_48' title="bbox 124 4957 1769 5041; baseline -0.001 -22"><span class='ocrx_word' id='word_1_545' title='bbox 124 4960 354 5025; x_wconf 76' lang='lat' dir='ltr'>restimentum</span> <span class='ocrx_word' id='word_1_546' title='bbox 379 4963 482 5034; x_wconf 90' lang='lat' dir='ltr'>tuum,</span> <span class='ocrx_word' id='word_1_547' title='bbox 508 4962 604 5036; x_wconf 90' lang='lat' dir='ltr'>idest,</span> <span class='ocrx_word' id='word_1_548' title='bbox 619 4979 739 5041; x_wconf 90' lang='lat' dir='ltr'>corpus</span> <span class='ocrx_word' id='word_1_549' title='bbox 762 4965 855 5028; x_wconf 90' lang='lat' dir='ltr'>tuum</span> <span class='ocrx_word' id='word_1_550' title='bbox 877 4964 919 5024; x_wconf 91' lang='lat' dir='ltr'>si·</span> <span class='ocrx_word' id='word_1_551' title='bbox 972 4965 1043 5027; x_wconf 86' lang='lat' dir='ltr'>stus</span> <span class='ocrx_word' id='word_1_552' title='bbox 1051 4963 1095 5026; x_wconf 86' lang='lat' dir='ltr'>sit</span> <span class='ocrx_word' id='word_1_553' title='bbox 1108 4964 1208 5040; x_wconf 90' lang='lat' dir='ltr'>caput</span> <span class='ocrx_word' id='word_1_554' title='bbox 1217 4964 1367 5023; x_wconf 90' lang='lat' dir='ltr'>nostrum</span> <span class='ocrx_word' id='word_1_555' title='bbox 1378 4962 1411 5023; x_wconf 90' lang='lat' dir='ltr'>et</span> <span class='ocrx_word' id='word_1_556' title='bbox 1420 4976 1481 5022; x_wconf 91' lang='lat' dir='ltr'>nos</span> <span class='ocrx_word' id='word_1_557' title='bbox 1495 4958 1642 5021; x_wconf 87' lang='lat' dir='ltr'>membra</span> <span class='ocrx_word' id='word_1_558' title='bbox 1652 4957 1769 5035; x_wconf 91' lang='lat' dir='ltr'>ipsius,</span> 
     </span>
     <span class='ocr_line' id='line_1_49' title="bbox 125 5053 1769 5140; baseline -0.001 -26"><span class='ocrx_word' id='word_1_559' title='bbox 125 5059 179 5118; x_wconf 90' lang='lat' dir='ltr'>cut</span> <span class='ocrx_word' id='word_1_560' title='bbox 193 5074 312 5135; x_wconf 88' lang='lat' dir='ltr'>corpus</span> <span class='ocrx_word' id='word_1_561' title='bbox 325 5059 488 5122; x_wconf 90' lang='lat' dir='ltr'>calcatum</span> <span class='ocrx_word' id='word_1_562' title='bbox 502 5059 538 5120; x_wconf 90' lang='lat' dir='ltr'>in</span> <span class='ocrx_word' id='word_1_563' title='bbox 550 5060 729 5122; x_wconf 75' lang='lat' dir='ltr'>torculari?</span> <span class='ocrx_word' id='word_1_564' title='bbox 742 5064 839 5124; x_wconf 78' lang='lat' dir='ltr'>lesus</span> <span class='ocrx_word' id='word_1_565' title='bbox 852 5077 919 5123; x_wconf 92' lang='lat' dir='ltr'>res·</span> <span class='ocrx_word' id='word_1_566' title='bbox 973 5062 1058 5124; x_wconf 87' lang='lat' dir='ltr'>sicut</span> <span class='ocrx_word' id='word_1_567' title='bbox 1072 5061 1172 5140; x_wconf 87' lang='lat' dir='ltr'>caput</span> <span class='ocrx_word' id='word_1_568' title='bbox 1186 5060 1251 5122; x_wconf 88' lang='lat' dir='ltr'>erit</span> <span class='ocrx_word' id='word_1_569' title='bbox 1263 5058 1482 5137; x_wconf 88' lang='lat' dir='ltr'>splendidum,</span> <span class='ocrx_word' id='word_1_570' title='bbox 1499 5058 1547 5119; x_wconf 92' lang='lat' dir='ltr'>ita</span> <span class='ocrx_word' id='word_1_571' title='bbox 1561 5059 1595 5118; x_wconf 89' lang='lat' dir='ltr'>et</span> <span class='ocrx_word' id='word_1_572' title='bbox 1610 5053 1769 5116; x_wconf 90' lang='lat' dir='ltr'>membra.</span> 
     </span>
     <span class='ocr_line' id='line_1_50' title="bbox 125 5152 1772 5234; baseline -0.002 -20"><span class='ocrx_word' id='word_1_573' title='bbox 125 5154 238 5228; x_wconf 87' lang='lat' dir='ltr'>pondit</span> <span class='ocrx_word' id='word_1_574' title='bbox 255 5157 350 5217; x_wconf 86' lang='lat' dir='ltr'>illis:</span> <span class='ocrx_word' id='word_1_575' title='bbox 378 5161 542 5220; x_wconf 81' lang='lat' dir='ltr'>Torcuior</span> <span class='ocrx_word' id='word_1_576' title='bbox 555 5161 684 5220; x_wconf 66' lang='lat' dir='ltr'>conavi</span> <span class='ocrx_word' id='word_1_577' title='bbox 705 5164 798 5221; x_wconf 83' lang='lat' dir='ltr'>solas</span> <span class='ocrx_word' id='word_1_578' title='bbox 821 5160 855 5221; x_wconf 87' lang='lat' dir='ltr'>ei</span> <span class='ocrx_word' id='word_1_579' title='bbox 877 5162 919 5221; x_wconf 79' lang='lat' dir='ltr'>cte</span> <span class='ocrx_word' id='word_1_580' title='bbox 974 5160 1068 5223; x_wconf 89' lang='lat' dir='ltr'>Unde</span> <span class='ocrx_word' id='word_1_581' title='bbox 1086 5159 1122 5219; x_wconf 91' lang='lat' dir='ltr'>in</span> <span class='ocrx_word' id='word_1_582' title='bbox 1143 5157 1323 5234; x_wconf 81' lang='lat' dir='ltr'>Evangelio</span> <span class='ocrx_word' id='word_1_583' title='bbox 1344 5179 1352 5217; x_wconf 72' lang='grc' dir='ltr'>ι</span> <span class='ocrx_word' id='word_1_584' title='bbox 1374 5152 1665 5232; x_wconf 77' lang='lat' dir='ltr'>Fuipebunijnsii</span> <span class='ocrx_word' id='word_1_585' title='bbox 1682 5152 1772 5212; x_wconf 82' lang='lat' dir='ltr'>siem</span> 
     </span>
     <span class='ocr_line' id='line_1_51' title="bbox 124 5246 1770 5336; baseline -0.002 -26"><span class='ocrx_word' id='word_1_586' title='bbox 124 5254 277 5323; x_wconf 76' lang='lat' dir='ltr'>peritioris</span> <span class='ocrx_word' id='word_1_587' title='bbox 291 5269 360 5316; x_wconf 87' lang='lat' dir='ltr'>non</span> <span class='ocrx_word' id='word_1_588' title='bbox 372 5256 423 5316; x_wconf 87' lang='lat' dir='ltr'>est</span> <span class='ocrx_word' id='word_1_589' title='bbox 437 5258 495 5316; x_wconf 85' lang='lat' dir='ltr'>cir</span> <span class='ocrx_word' id='word_1_590' title='bbox 506 5270 641 5317; x_wconf 80' lang='lat' dir='ltr'>naccum</span> <span class='ocrx_word' id='word_1_591' title='bbox 655 5253 749 5334; x_wconf 89' lang='lat' dir='ltr'>(ibid.</span> <span class='ocrx_word' id='word_1_592' title='bbox 763 5271 858 5325; x_wconf 77' lang='grc' dir='ltr'>ιιιιι,</span> <span class='ocrx_word' id='word_1_593' title='bbox 871 5254 917 5336; x_wconf 90' lang='grc'>3).</span> <span class='ocrx_word' id='word_1_594' title='bbox 972 5261 1022 5319; x_wconf 86' lang='lat' dir='ltr'>soi</span> <span class='ocrx_word' id='word_1_595' title='bbox 1035 5260 1072 5318; x_wconf 89' lang='lat' dir='ltr'>in</span> <span class='ocrx_word' id='word_1_596' title='bbox 1086 5270 1194 5332; x_wconf 84' lang='lat' dir='ltr'>reqno</span> <span class='ocrx_word' id='word_1_597' title='bbox 1204 5256 1327 5317; x_wconf 83' lang='lat' dir='ltr'>Patris</span> <span class='ocrx_word' id='word_1_598' title='bbox 1338 5269 1460 5316; x_wconf 82' lang='lat' dir='ltr'>eornm</span> <span class='ocrx_word' id='word_1_599' title='bbox 1471 5248 1604 5329; x_wconf 82' lang='lat' dir='ltr'>(uattn.</span> <span class='ocrx_word' id='word_1_600' title='bbox 1618 5263 1692 5319; x_wconf 78' lang='grc' dir='ltr'>ιιιι,</span> <span class='ocrx_word' id='word_1_601' title='bbox 1704 5246 1770 5327; x_wconf 70' lang='lat' dir='ltr'>ii).</span> 
     </span>
     <span class='ocr_line' id='line_1_52' title="bbox 125 5344 1773 5429; baseline -0.002 -20"><span class='ocrx_word' id='word_1_602' title='bbox 125 5347 190 5423; x_wconf 81' lang='lat' dir='ltr'>Ego</span> <span class='ocrx_word' id='word_1_603' title='bbox 203 5351 294 5412; x_wconf 89' lang='lat' dir='ltr'>solus</span> <span class='ocrx_word' id='word_1_604' title='bbox 309 5352 448 5423; x_wconf 80' lang='lat' dir='ltr'>calcari,</span> <span class='ocrx_word' id='word_1_605' title='bbox 463 5352 558 5424; x_wconf 79' lang='lat' dir='ltr'>idest,</span> <span class='ocrx_word' id='word_1_606' title='bbox 573 5352 718 5414; x_wconf 90' lang='lat' dir='ltr'>sustinui</span> <span class='ocrx_word' id='word_1_607' title='bbox 729 5368 919 5429; x_wconf 89' lang='lat' dir='ltr'>pressuram</span> <span class='ocrx_word' id='word_1_608' title='bbox 974 5354 1067 5417; x_wconf 89' lang='lat' dir='ltr'>Unde</span> <span class='ocrx_word' id='word_1_609' title='bbox 1082 5354 1241 5416; x_wconf 86' lang='lat' dir='ltr'>Dominus</span> <span class='ocrx_word' id='word_1_610' title='bbox 1256 5367 1317 5413; x_wconf 84' lang='lat' dir='ltr'>nos</span> <span class='ocrx_word' id='word_1_611' title='bbox 1332 5349 1487 5412; x_wconf 85' lang='lat' dir='ltr'>admonet</span> <span class='ocrx_word' id='word_1_612' title='bbox 1504 5361 1565 5425; x_wconf 88' lang='lat' dir='ltr'>per</span> <span class='ocrx_word' id='word_1_613' title='bbox 1584 5344 1773 5422; x_wconf 85' lang='lat' dir='ltr'>exemplum</span> 
     </span>
     <span class='ocr_line' id='line_1_53' title="bbox 124 5443 1774 5525; baseline 0.001 -23"><span class='ocrx_word' id='word_1_614' title='bbox 124 5448 241 5521; x_wconf 86' lang='lat' dir='ltr'>crucis,</span> <span class='ocrx_word' id='word_1_615' title='bbox 262 5449 358 5520; x_wconf 90' lang='lat' dir='ltr'>idest,</span> <span class='ocrx_word' id='word_1_616' title='bbox 379 5450 567 5525; x_wconf 88' lang='lat' dir='ltr'>passionem</span> <span class='ocrx_word' id='word_1_617' title='bbox 583 5451 616 5510; x_wconf 91' lang='lat' dir='ltr'>et</span> <span class='ocrx_word' id='word_1_618' title='bbox 635 5450 775 5511; x_wconf 85' lang='lat' dir='ltr'>mortem</span> <span class='ocrx_word' id='word_1_619' title='bbox 796 5450 917 5523; x_wconf 91' lang='lat' dir='ltr'>crucis,</span> <span class='ocrx_word' id='word_1_620' title='bbox 973 5451 1026 5514; x_wconf 91' lang='lat' dir='ltr'>sui</span> <span class='ocrx_word' id='word_1_621' title='bbox 1038 5443 1774 5513; x_wconf 76' lang='lat' dir='ltr'>dicens:Estotemisericordes.sicnteiPo-</span> 
     </span>
     <span class='ocr_line' id='line_1_54' title="bbox 123 5538 1772 5623; baseline 0 -23"><span class='ocrx_word' id='word_1_622' title='bbox 123 5541 200 5615; x_wconf 90' lang='lat' dir='ltr'>quia</span> <span class='ocrx_word' id='word_1_623' title='bbox 224 5545 303 5606; x_wconf 89' lang='lat' dir='ltr'>tunc</span> <span class='ocrx_word' id='word_1_624' title='bbox 322 5545 460 5618; x_wconf 79' lang='lat' dir='ltr'>calcavi,</span> <span class='ocrx_word' id='word_1_625' title='bbox 486 5544 617 5622; x_wconf 87' lang='lat' dir='ltr'>quando</span> <span class='ocrx_word' id='word_1_626' title='bbox 644 5545 814 5621; x_wconf 88' lang='lat' dir='ltr'>sustinui;</span> <span class='ocrx_word' id='word_1_627' title='bbox 840 5546 919 5623; x_wconf 90' lang='lat' dir='ltr'>quia</span> <span class='ocrx_word' id='word_1_628' title='bbox 974 5552 1029 5612; x_wconf 87' lang='lat' dir='ltr'>ier</span> <span class='ocrx_word' id='word_1_629' title='bbox 1047 5549 1163 5611; x_wconf 86' lang='lat' dir='ltr'>cester</span> <span class='ocrx_word' id='word_1_630' title='bbox 1178 5548 1380 5609; x_wconf 81' lang='lat' dir='ltr'>misericors</span> <span class='ocrx_word' id='word_1_631' title='bbox 1398 5543 1487 5606; x_wconf 89' lang='lat' dir='ltr'>esi...</span> <span class='ocrx_word' id='word_1_632' title='bbox 1513 5539 1607 5620; x_wconf 87' lang='lat' dir='ltr'>(Luc.</span> <span class='ocrx_word' id='word_1_633' title='bbox 1630 5556 1676 5612; x_wconf 82' lang='lat' dir='ltr'>vr,</span> <span class='ocrx_word' id='word_1_634' title='bbox 1706 5538 1772 5619; x_wconf 82' lang='lat'>36).</span> 
     </span>
     <span class='ocr_line' id='line_1_55' title="bbox 127 5635 1771 5720; baseline 0.003 -26"><span class='ocrx_word' id='word_1_635' title='bbox 127 5635 254 5704; x_wconf 88' lang='lat' dir='ltr'>dolores</span> <span class='ocrx_word' id='word_1_636' title='bbox 281 5657 363 5720; x_wconf 91' lang='lat' dir='ltr'>quos</span> <span class='ocrx_word' id='word_1_637' title='bbox 387 5657 448 5703; x_wconf 89' lang='lat' dir='ltr'>nos</span> <span class='ocrx_word' id='word_1_638' title='bbox 476 5642 676 5706; x_wconf 87' lang='lat' dir='ltr'>debebamus</span> <span class='ocrx_word' id='word_1_639' title='bbox 706 5642 831 5705; x_wconf 90' lang='lat' dir='ltr'>babere</span> <span class='ocrx_word' id='word_1_640' title='bbox 858 5658 919 5719; x_wconf 90' lang='lat' dir='ltr'>pro</span> <span class='ocrx_word' id='word_1_641' title='bbox 1013 5646 1154 5709; x_wconf 84' lang='lat' dir='ltr'>Haecest</span> <span class='ocrx_word' id='word_1_642' title='bbox 1169 5643 1292 5705; x_wconf 88' lang='lat' dir='ltr'>lamina</span> <span class='ocrx_word' id='word_1_643' title='bbox 1307 5655 1410 5702; x_wconf 89' lang='lat' dir='ltr'>aurea</span> <span class='ocrx_word' id='word_1_644' title='bbox 1423 5641 1458 5700; x_wconf 85' lang='lat' dir='ltr'>in</span> <span class='ocrx_word' id='word_1_645' title='bbox 1471 5637 1771 5702; x_wconf 77' lang='lat' dir='ltr'>frontePontiticis</span> 
     </span>
    </p>
   </div>
   <div class='ocr_carea' id='block_1_3' title="bbox 270 5795 1628 5890">
    <p class='ocr_par' dir='ltr' id='par_1_3' title="bbox 270 5795 1628 5890">
     <span class='ocr_line' id='line_1_56' title="bbox 270 5795 1628 5890; baseline -0.003 -35"><span class='ocrx_word' id='word_1_646' title='bbox 270 5812 382 5857; x_wconf 76' lang='lat' dir='ltr'>namon.</span> <span class='ocrx_word' id='word_1_647' title='bbox 398 5805 474 5859; x_wconf 71' lang='lat' dir='ltr'>roni</span> <span class='ocrx_word' id='word_1_648' title='bbox 484 5804 507 5860; x_wconf 84' lang='lat'>1.</span> <span class='ocrx_word' id='word_1_649' title='bbox 573 5879 578 5890; x_wconf 35' lang='grc' dir='ltr'><strong><em>Ι</em></strong></span> <span class='ocrx_word' id='word_1_650' title='bbox 1584 5795 1628 5852; x_wconf 87' lang='grc'><strong>36.</strong></span> 
     </span>
    </p>
   </div>
   <div class='ocr_carea' id='block_1_4' title="bbox 0 0 2000 6180">
    <p class='ocr_par' dir='ltr' id='par_1_4' title="bbox 0 0 2000 6180">
     <span class='ocr_line' id='line_1_57' title="bbox 0 0 2000 6180; baseline 0 0"><span class='ocrx_word' id='word_1_651' title='bbox 0 0 2000 6180; x_wconf 95' lang='lat' dir='ltr'> </span> 
     </span>
    </p>
   </div>
  </div>
 </body>
</html>
