<?xml version="1.0" encoding="UTF-8"?>
<!DOCTYPE html PUBLIC "-//W3C//DTD XHTML 1.0 Transitional//EN"
    "http://www.w3.org/TR/xhtml1/DTD/xhtml1-transitional.dtd">
<html xmlns="http://www.w3.org/1999/xhtml" xml:lang="en" lang="en">
 <head>
  <title>
</title>
<meta http-equiv="Content-Type" content="text/html;charset=utf-8" />
  <meta name='ocr-system' content='tesseract 3.04.00' />
  <meta name='ocr-capabilities' content='ocr_page ocr_carea ocr_par ocr_line ocrx_word'/>
</head>
<body>
  <div class='ocr_page' id='page_1' title='image "./mediiaevibiblio07bottgoog/mediiaevibiblio07bottgoog_0427.png"; bbox 0 0 3952 6188; ppageno 0'>
   <div class='ocr_carea' id='block_1_1' title="bbox 237 246 1966 329">
    <p class='ocr_par' dir='ltr' id='par_1_1' title="bbox 237 246 1966 329">
     <span class='ocr_line' id='line_1_1' title="bbox 237 246 1966 329; baseline 0.005 -8"><span class='ocrx_word' id='word_1_1' title='bbox 237 258 299 321; x_wconf 76' lang='lat' dir='ltr'>ara</span> <span class='ocrx_word' id='word_1_2' title='bbox 703 258 1423 326; x_wconf 75' lang='lat' dir='ltr'>nonon111nornns.-.saauones</span> <span class='ocrx_word' id='word_1_3' title='bbox 1840 269 1903 329; x_wconf 71' lang='lat' dir='ltr'>are</span> <span class='ocrx_word' id='word_1_4' title='bbox 1965 246 1966 249; x_wconf 65' lang='lat'>‘</span> 
     </span>
    </p>
   </div>
   <div class='ocr_carea' id='block_1_2' title="bbox 112 402 1966 5665">
    <p class='ocr_par' dir='ltr' id='par_1_2' title="bbox 232 402 1902 2060">
     <span class='ocr_line' id='line_1_2' title="bbox 237 402 1902 501; baseline 0.005 -23"><span class='ocrx_word' id='word_1_5' title='bbox 237 415 465 494; x_wconf 65' lang='lat' dir='ltr'>animosqnla</span> <span class='ocrx_word' id='word_1_6' title='bbox 480 402 640 479; x_wconf 81' lang='lat' dir='ltr'>animalia</span> <span class='ocrx_word' id='word_1_7' title='bbox 654 416 807 495; x_wconf 85' lang='lat' dir='ltr'>llla,quae</span> <span class='ocrx_word' id='word_1_8' title='bbox 822 417 1036 482; x_wconf 89' lang='lat' dir='ltr'>senashabe-</span> <span class='ocrx_word' id='word_1_9' title='bbox 1090 421 1318 500; x_wconf 82' lang='lat' dir='ltr'>poenitentiam</span> <span class='ocrx_word' id='word_1_10' title='bbox 1341 422 1576 499; x_wconf 73' lang='lat' dir='ltr'>compungitur</span> <span class='ocrx_word' id='word_1_11' title='bbox 1594 424 1767 501; x_wconf 88' lang='lat' dir='ltr'>peccator.</span> <span class='ocrx_word' id='word_1_12' title='bbox 1797 426 1902 487; x_wconf 82' lang='lat' dir='ltr'>Com-</span> 
     </span>
     <span class='ocr_line' id='line_1_3' title="bbox 238 513 1899 597; baseline 0.007 -22"><span class='ocrx_word' id='word_1_13' title='bbox 238 513 319 576; x_wconf 89' lang='lat' dir='ltr'>bant</span> <span class='ocrx_word' id='word_1_14' title='bbox 332 514 416 587; x_wconf 88' lang='lat' dir='ltr'>alas,</span> <span class='ocrx_word' id='word_1_15' title='bbox 425 515 525 591; x_wconf 89' lang='lat' dir='ltr'>plena</span> <span class='ocrx_word' id='word_1_16' title='bbox 549 514 646 577; x_wconf 88' lang='lat' dir='ltr'>erant</span> <span class='ocrx_word' id='word_1_17' title='bbox 668 515 775 577; x_wconf 87' lang='lat' dir='ltr'>oculis</span> <span class='ocrx_word' id='word_1_18' title='bbox 796 517 1033 580; x_wconf 86' lang='lat' dir='ltr'>anteetretro.</span> <span class='ocrx_word' id='word_1_19' title='bbox 1090 518 1192 596; x_wconf 90' lang='lat' dir='ltr'>pungi</span> <span class='ocrx_word' id='word_1_20' title='bbox 1211 519 1299 581; x_wconf 91' lang='lat' dir='ltr'>enim</span> <span class='ocrx_word' id='word_1_21' title='bbox 1316 535 1383 581; x_wconf 89' lang='lat' dir='ltr'>non</span> <span class='ocrx_word' id='word_1_22' title='bbox 1397 520 1515 597; x_wconf 84' lang='lat' dir='ltr'>potest,</span> <span class='ocrx_word' id='word_1_23' title='bbox 1537 524 1695 583; x_wconf 89' lang='lat' dir='ltr'>manente</span> <span class='ocrx_word' id='word_1_24' title='bbox 1712 522 1751 583; x_wconf 94' lang='lat' dir='ltr'>in</span> <span class='ocrx_word' id='word_1_25' title='bbox 1775 523 1899 586; x_wconf 91' lang='lat' dir='ltr'>eodem</span> 
     </span>
     <span class='ocr_line' id='line_1_4' title="bbox 235 612 1899 695; baseline 0.006 -23"><span class='ocrx_word' id='word_1_26' title='bbox 235 612 324 672; x_wconf 81' lang='lat' dir='ltr'>Nam</span> <span class='ocrx_word' id='word_1_27' title='bbox 337 612 444 674; x_wconf 91' lang='lat' dir='ltr'>omnis</span> <span class='ocrx_word' id='word_1_28' title='bbox 458 612 648 689; x_wconf 81' lang='lat' dir='ltr'><strong>corruptela</strong></span> <span class='ocrx_word' id='word_1_29' title='bbox 673 613 709 673; x_wconf 92' lang='lat' dir='ltr'>in</span> <span class='ocrx_word' id='word_1_30' title='bbox 724 614 1035 693; x_wconf 90' lang='lat' dir='ltr'>populoprincipa-</span> <span class='ocrx_word' id='word_1_31' title='bbox 1089 616 1272 690; x_wconf 87' lang='lat' dir='ltr'>daemonio,</span> <span class='ocrx_word' id='word_1_32' title='bbox 1304 617 1391 679; x_wconf 87' lang='lat' dir='ltr'>idest</span> <span class='ocrx_word' id='word_1_33' title='bbox 1418 617 1590 679; x_wconf 82' lang='lat' dir='ltr'>voluntate</span> <span class='ocrx_word' id='word_1_34' title='bbox 1623 620 1815 695; x_wconf 87' lang='lat' dir='ltr'>peccandi,</span> <span class='ocrx_word' id='word_1_35' title='bbox 1843 623 1899 683; x_wconf 79' lang='lat' dir='ltr'>rel</span> 
     </span>
     <span class='ocr_line' id='line_1_5' title="bbox 237 706 1898 791; baseline 0.005 -21"><span class='ocrx_word' id='word_1_36' title='bbox 237 706 315 771; x_wconf 89' lang='lat' dir='ltr'>liter</span> <span class='ocrx_word' id='word_1_37' title='bbox 321 709 745 787; x_wconf 88' lang='lat' dir='ltr'>procedltasacerdotibus,</span> <span class='ocrx_word' id='word_1_38' title='bbox 757 710 835 789; x_wconf 90' lang='lat' dir='ltr'>quia</span> <span class='ocrx_word' id='word_1_39' title='bbox 844 711 1034 775; x_wconf 84' lang='lat' dir='ltr'>sisacerdos</span> <span class='ocrx_word' id='word_1_40' title='bbox 1089 716 1192 776; x_wconf 85' lang='lat' dir='ltr'>Deum</span> <span class='ocrx_word' id='word_1_41' title='bbox 1218 714 1461 776; x_wconf 90' lang='lat' dir='ltr'>contemnendi.</span> <span class='ocrx_word' id='word_1_42' title='bbox 1490 715 1537 777; x_wconf 81' lang='lat' dir='ltr'>nt</span> <span class='ocrx_word' id='word_1_43' title='bbox 1561 717 1749 778; x_wconf 80' lang='lat' dir='ltr'>mirentur</span> <span class='ocrx_word' id='word_1_44' title='bbox 1769 718 1898 791; x_wconf 75' lang='lat' dir='ltr'>turne,</span> 
     </span>
     <span class='ocr_line' id='line_1_6' title="bbox 237 807 1896 890; baseline 0.005 -22"><span class='ocrx_word' id='word_1_45' title='bbox 237 807 293 885; x_wconf 92' lang='lat' dir='ltr'>qui</span> <span class='ocrx_word' id='word_1_46' title='bbox 314 809 364 870; x_wconf 89' lang='lat' dir='ltr'>est</span> <span class='ocrx_word' id='word_1_47' title='bbox 376 809 495 870; x_wconf 89' lang='lat' dir='ltr'>unctus</span> <span class='ocrx_word' id='word_1_48' title='bbox 513 808 713 886; x_wconf 81' lang='lat' dir='ltr'>peccaverit,</span> <span class='ocrx_word' id='word_1_49' title='bbox 737 808 817 871; x_wconf 85' lang='lat' dir='ltr'>tacit</span> <span class='ocrx_word' id='word_1_50' title='bbox 837 808 1033 887; x_wconf 78' lang='lat' dir='ltr'>delinquere</span> <span class='ocrx_word' id='word_1_51' title='bbox 1089 813 1167 890; x_wconf 85' lang='lat' dir='ltr'>quia</span> <span class='ocrx_word' id='word_1_52' title='bbox 1178 812 1291 874; x_wconf 86' lang='lat' dir='ltr'>tldeles</span> <span class='ocrx_word' id='word_1_53' title='bbox 1303 812 1448 888; x_wconf 88' lang='lat' dir='ltr'>gaudent</span> <span class='ocrx_word' id='word_1_54' title='bbox 1459 812 1501 872; x_wconf 93' lang='lat' dir='ltr'>de</span> <span class='ocrx_word' id='word_1_55' title='bbox 1514 814 1728 889; x_wconf 88' lang='lat' dir='ltr'>peccatorum</span> <span class='ocrx_word' id='word_1_56' title='bbox 1744 830 1896 876; x_wconf 77' lang='lat' dir='ltr'>conver-</span> 
     </span>
     <span class='ocr_line' id='line_1_7' title="bbox 236 905 1899 986; baseline 0.005 -20"><span class='ocrx_word' id='word_1_57' title='bbox 236 905 405 983; x_wconf 90' lang='lat' dir='ltr'>popnlum.</span> <span class='ocrx_word' id='word_1_58' title='bbox 426 907 601 967; x_wconf 76' lang='lat' dir='ltr'>Peccatum</span> <span class='ocrx_word' id='word_1_59' title='bbox 626 905 809 968; x_wconf 87' lang='lat' dir='ltr'>sacerdotis</span> <span class='ocrx_word' id='word_1_60' title='bbox 825 908 884 969; x_wconf 90' lang='lat' dir='ltr'>aut</span> <span class='ocrx_word' id='word_1_61' title='bbox 899 908 1031 986; x_wconf 88' lang='lat' dir='ltr'>praelati</span> <span class='ocrx_word' id='word_1_62' title='bbox 1088 909 1293 980; x_wconf 77' lang='lat' dir='ltr'>sioneunde</span> <span class='ocrx_word' id='word_1_63' title='bbox 1307 910 1343 970; x_wconf 93' lang='lat' dir='ltr'>in</span> <span class='ocrx_word' id='word_1_64' title='bbox 1358 909 1557 985; x_wconf 80' lang='lat' dir='ltr'>Evangelio:</span> <span class='ocrx_word' id='word_1_65' title='bbox 1574 914 1751 972; x_wconf 76' lang='lat' dir='ltr'>Gaudium</span> <span class='ocrx_word' id='word_1_66' title='bbox 1764 913 1899 974; x_wconf 68' lang='lat' dir='ltr'>esten-</span> 
     </span>
     <span class='ocr_line' id='line_1_8' title="bbox 237 1002 1896 1083; baseline 0.005 -19"><span class='ocrx_word' id='word_1_67' title='bbox 237 1002 296 1064; x_wconf 86' lang='lat' dir='ltr'>alii</span> <span class='ocrx_word' id='word_1_68' title='bbox 321 1003 528 1076; x_wconf 87' lang='lat' dir='ltr'>damnosum,</span> <span class='ocrx_word' id='word_1_69' title='bbox 543 1003 600 1064; x_wconf 87' lang='lat' dir='ltr'>sed</span> <span class='ocrx_word' id='word_1_70' title='bbox 616 1003 678 1065; x_wconf 91' lang='lat' dir='ltr'>sibi</span> <span class='ocrx_word' id='word_1_71' title='bbox 692 1004 918 1081; x_wconf 88' lang='lat' dir='ltr'>periculosum</span> <span class='ocrx_word' id='word_1_72' title='bbox 937 1005 1032 1067; x_wconf 82' lang='lat' dir='ltr'>exis·</span> <span class='ocrx_word' id='word_1_73' title='bbox 1086 1010 1360 1083; x_wconf 78' lang='lat' dir='ltr'>getisbetsapcr</span> <span class='ocrx_word' id='word_1_74' title='bbox 1374 1022 1444 1069; x_wconf 81' lang='lat' dir='ltr'>uno</span> <span class='ocrx_word' id='word_1_75' title='bbox 1451 1008 1635 1080; x_wconf 73' lang='lat' dir='ltr'>peccatore</span> <span class='ocrx_word' id='word_1_76' title='bbox 1642 1009 1896 1081; x_wconf 71' lang='lat' dir='ltr'>penitentiam</span> 
     </span>
     <span class='ocr_line' id='line_1_9' title="bbox 234 1100 1894 1181; baseline 0.005 -20"><span class='ocrx_word' id='word_1_77' title='bbox 234 1100 287 1162; x_wconf 84' lang='lat' dir='ltr'>tit.</span> <span class='ocrx_word' id='word_1_78' title='bbox 304 1102 410 1174; x_wconf 81' lang='lat' dir='ltr'>Certe,</span> <span class='ocrx_word' id='word_1_79' title='bbox 433 1101 511 1161; x_wconf 87' lang='lat' dir='ltr'>dnm</span> <span class='ocrx_word' id='word_1_80' title='bbox 533 1101 612 1163; x_wconf 91' lang='lat' dir='ltr'>laici</span> <span class='ocrx_word' id='word_1_81' title='bbox 634 1100 749 1163; x_wconf 83' lang='lat' dir='ltr'>vident</span> <span class='ocrx_word' id='word_1_82' title='bbox 770 1102 961 1165; x_wconf 88' lang='lat' dir='ltr'>sacerdotes</span> <span class='ocrx_word' id='word_1_83' title='bbox 974 1119 1033 1164; x_wconf 90' lang='lat' dir='ltr'>seu</span> <span class='ocrx_word' id='word_1_84' title='bbox 1087 1105 1458 1179; x_wconf 68' lang='lat' dir='ltr'>areataqaamseper</span> <span class='ocrx_word' id='word_1_85' title='bbox 1468 1106 1660 1181; x_wconf 76' lang='lat' dir='ltr'>nonaginta</span> <span class='ocrx_word' id='word_1_86' title='bbox 1674 1111 1894 1179; x_wconf 63' lang='lat' dir='ltr'>nonenim-</span> 
     </span>
     <span class='ocr_line' id='line_1_10' title="bbox 237 1198 1890 1286; baseline 0.004 -26"><span class='ocrx_word' id='word_1_87' title='bbox 237 1198 393 1276; x_wconf 84' lang='lat' dir='ltr'>praelatos</span> <span class='ocrx_word' id='word_1_88' title='bbox 406 1198 550 1275; x_wconf 77' lang='lat' dir='ltr'>turpiter</span> <span class='ocrx_word' id='word_1_89' title='bbox 572 1198 606 1261; x_wconf 92' lang='lat' dir='ltr'>et</span> <span class='ocrx_word' id='word_1_90' title='bbox 626 1199 808 1261; x_wconf 87' lang='lat' dir='ltr'>enormiter</span> <span class='ocrx_word' id='word_1_91' title='bbox 820 1201 1030 1274; x_wconf 83' lang='lat' dir='ltr'>excedentes,</span> <span class='ocrx_word' id='word_1_92' title='bbox 1088 1201 1144 1273; x_wconf 80' lang='lat' dir='ltr'>tis,</span> <span class='ocrx_word' id='word_1_93' title='bbox 1158 1205 1292 1277; x_wconf 82' lang='lat' dir='ltr'>qainon</span> <span class='ocrx_word' id='word_1_94' title='bbox 1301 1202 1456 1278; x_wconf 70' lang='lat' dir='ltr'>mulgent</span> <span class='ocrx_word' id='word_1_95' title='bbox 1465 1202 1670 1276; x_wconf 73' lang='lat' dir='ltr'>penitentia</span> <span class='ocrx_word' id='word_1_96' title='bbox 1680 1200 1768 1281; x_wconf 86' lang='lat' dir='ltr'>(Luc</span> <span class='ocrx_word' id='word_1_97' title='bbox 1776 1219 1834 1276; x_wconf 73' lang='lat' dir='ltr'>xa,</span> <span class='ocrx_word' id='word_1_98' title='bbox 1845 1205 1890 1286; x_wconf 83' lang='grc'>7).</span> 
     </span>
     <span class='ocr_line' id='line_1_11' title="bbox 235 1295 1893 1375; baseline 0.005 -19"><span class='ocrx_word' id='word_1_99' title='bbox 235 1295 301 1372; x_wconf 87' lang='lat' dir='ltr'>ipsi</span> <span class='ocrx_word' id='word_1_100' title='bbox 322 1304 437 1357; x_wconf 85' lang='lat' dir='ltr'>eorum</span> <span class='ocrx_word' id='word_1_101' title='bbox 458 1296 612 1374; x_wconf 86' lang='lat' dir='ltr'>exemplo</span> <span class='ocrx_word' id='word_1_102' title='bbox 635 1296 676 1357; x_wconf 89' lang='lat' dir='ltr'>ad</span> <span class='ocrx_word' id='word_1_103' title='bbox 694 1297 887 1375; x_wconf 83' lang='lat' dir='ltr'>iniquitates</span> <span class='ocrx_word' id='word_1_104' title='bbox 905 1299 938 1360; x_wconf 88' lang='lat' dir='ltr'>et</span> <span class='ocrx_word' id='word_1_105' title='bbox 959 1314 1034 1361; x_wconf 91' lang='lat' dir='ltr'>sce-</span> <span class='ocrx_word' id='word_1_106' title='bbox 1087 1298 1227 1370; x_wconf 90' lang='lat' dir='ltr'>Quidam</span> <span class='ocrx_word' id='word_1_107' title='bbox 1241 1299 1352 1360; x_wconf 89' lang='lat' dir='ltr'>antem</span> <span class='ocrx_word' id='word_1_108' title='bbox 1366 1298 1472 1360; x_wconf 86' lang='lat' dir='ltr'>exeis</span> <span class='ocrx_word' id='word_1_109' title='bbox 1485 1298 1666 1361; x_wconf 83' lang='lat' dir='ltr'>dixerunt:</span> <span class='ocrx_word' id='word_1_110' title='bbox 1690 1304 1737 1361; x_wconf 79' lang='lat' dir='ltr'>ln</span> <span class='ocrx_word' id='word_1_111' title='bbox 1751 1304 1893 1364; x_wconf 74' lang='lat' dir='ltr'>Beelze-</span> 
     </span>
     <span class='ocr_line' id='line_1_12' title="bbox 235 1388 1890 1473; baseline 0.006 -20"><span class='ocrx_word' id='word_1_112' title='bbox 235 1392 307 1454; x_wconf 89' lang='lat' dir='ltr'>lera</span> <span class='ocrx_word' id='word_1_113' title='bbox 327 1388 556 1470; x_wconf 89' lang='lat' dir='ltr'>prolabuntur.</span> <span class='ocrx_word' id='word_1_114' title='bbox 573 1396 720 1472; x_wconf 83' lang='lat' dir='ltr'>Cumque</span> <span class='ocrx_word' id='word_1_115' title='bbox 741 1395 1033 1473; x_wconf 88' lang='lat' dir='ltr'>reprehenduntur</span> <span class='ocrx_word' id='word_1_116' title='bbox 1087 1399 1149 1459; x_wconf 80' lang='lat' dir='ltr'>hub</span> <span class='ocrx_word' id='word_1_117' title='bbox 1158 1399 1318 1471; x_wconf 62' lang='lat' dir='ltr'>mancipe</span> <span class='ocrx_word' id='word_1_118' title='bbox 1331 1398 1583 1458; x_wconf 74' lang='lat' dir='ltr'>demoniorum</span> <span class='ocrx_word' id='word_1_119' title='bbox 1605 1397 1701 1470; x_wconf 78' lang='lat' dir='ltr'>ejicit</span> <span class='ocrx_word' id='word_1_120' title='bbox 1716 1400 1890 1462; x_wconf 70' lang='lat' dir='ltr'>amnone</span> 
     </span>
     <span class='ocr_line' id='line_1_13' title="bbox 232 1489 1889 1573; baseline 0.004 -21"><span class='ocrx_word' id='word_1_121' title='bbox 232 1489 424 1569; x_wconf 86' lang='lat' dir='ltr'>abaliquo,</span> <span class='ocrx_word' id='word_1_122' title='bbox 446 1491 597 1568; x_wconf 87' lang='lat' dir='ltr'>protinus</span> <span class='ocrx_word' id='word_1_123' title='bbox 611 1492 780 1554; x_wconf 83' lang='lat' dir='ltr'>excusant</span> <span class='ocrx_word' id='word_1_124' title='bbox 797 1508 835 1554; x_wconf 89' lang='lat' dir='ltr'>se</span> <span class='ocrx_word' id='word_1_125' title='bbox 857 1492 1030 1555; x_wconf 88' lang='lat' dir='ltr'>dicentes:</span> <span class='ocrx_word' id='word_1_126' title='bbox 1086 1491 1170 1573; x_wconf 87' lang='lat' dir='ltr'>(Luc</span> <span class='ocrx_word' id='word_1_127' title='bbox 1196 1510 1245 1567; x_wconf 81' lang='lat'>11,</span> <span class='ocrx_word' id='word_1_128' title='bbox 1274 1492 1337 1573; x_wconf 85' lang='lat'>15).</span> <span class='ocrx_word' id='word_1_129' title='bbox 1359 1493 1542 1555; x_wconf 83' lang='lat' dir='ltr'>Beelzebub</span> <span class='ocrx_word' id='word_1_130' title='bbox 1567 1495 1813 1572; x_wconf 83' lang='lat' dir='ltr'>interpretatur</span> <span class='ocrx_word' id='word_1_131' title='bbox 1837 1498 1889 1558; x_wconf 83' lang='lat' dir='ltr'>rir</span> 
     </span>
     <span class='ocr_line' id='line_1_14' title="bbox 234 1588 1884 1670; baseline 0.004 -21"><span class='ocrx_word' id='word_1_132' title='bbox 234 1589 309 1650; x_wconf 86' lang='lat' dir='ltr'>Non</span> <span class='ocrx_word' id='word_1_133' title='bbox 329 1589 438 1665; x_wconf 88' lang='lat' dir='ltr'>potest</span> <span class='ocrx_word' id='word_1_134' title='bbox 458 1588 547 1649; x_wconf 88' lang='lat' dir='ltr'>lilius</span> <span class='ocrx_word' id='word_1_135' title='bbox 567 1588 678 1651; x_wconf 87' lang='lat' dir='ltr'>lacere</span> <span class='ocrx_word' id='word_1_136' title='bbox 701 1590 767 1651; x_wconf 90' lang='lat' dir='ltr'>nisi</span> <span class='ocrx_word' id='word_1_137' title='bbox 794 1590 881 1667; x_wconf 87' lang='lat' dir='ltr'>quod</span> <span class='ocrx_word' id='word_1_138' title='bbox 904 1591 1031 1668; x_wconf 88' lang='lat' dir='ltr'>patrem</span> <span class='ocrx_word' id='word_1_139' title='bbox 1085 1591 1211 1654; x_wconf 86' lang='lat' dir='ltr'>habens</span> <span class='ocrx_word' id='word_1_140' title='bbox 1226 1606 1368 1664; x_wconf 86' lang='lat' dir='ltr'>muscas,</span> <span class='ocrx_word' id='word_1_141' title='bbox 1385 1606 1450 1668; x_wconf 88' lang='lat' dir='ltr'>quo</span> <span class='ocrx_word' id='word_1_142' title='bbox 1463 1591 1598 1652; x_wconf 88' lang='lat' dir='ltr'>nomine</span> <span class='ocrx_word' id='word_1_143' title='bbox 1612 1594 1708 1653; x_wconf 75' lang='lat' dir='ltr'>mete</span> <span class='ocrx_word' id='word_1_144' title='bbox 1722 1593 1884 1670; x_wconf 87' lang='lat' dir='ltr'>designa·</span> 
     </span>
     <span class='ocr_line' id='line_1_15' title="bbox 233 1685 1884 1767; baseline 0.003 -19"><span class='ocrx_word' id='word_1_145' title='bbox 233 1685 356 1748; x_wconf 71' lang='lat' dir='ltr'>viderit</span> <span class='ocrx_word' id='word_1_146' title='bbox 369 1685 556 1749; x_wconf 79' lang='lat' dir='ltr'>facientem.</span> <span class='ocrx_word' id='word_1_147' title='bbox 572 1685 746 1749; x_wconf 85' lang='lat' dir='ltr'>Et·sultlcit</span> <span class='ocrx_word' id='word_1_148' title='bbox 760 1687 925 1766; x_wconf 88' lang='lat' dir='ltr'>discipulo</span> <span class='ocrx_word' id='word_1_149' title='bbox 938 1690 974 1751; x_wconf 92' lang='lat' dir='ltr'>ut</span> <span class='ocrx_word' id='word_1_150' title='bbox 988 1688 1032 1751; x_wconf 86' lang='lat' dir='ltr'>stt</span> <span class='ocrx_word' id='word_1_151' title='bbox 1083 1691 1142 1750; x_wconf 90' lang='lat' dir='ltr'>tur</span> <span class='ocrx_word' id='word_1_152' title='bbox 1166 1690 1320 1767; x_wconf 88' lang='lat' dir='ltr'>princeps</span> <span class='ocrx_word' id='word_1_153' title='bbox 1352 1688 1612 1761; x_wconf 69' lang='lat' dir='ltr'>demoniorum,</span> <span class='ocrx_word' id='word_1_154' title='bbox 1642 1689 1724 1766; x_wconf 88' lang='lat' dir='ltr'>qnia</span> <span class='ocrx_word' id='word_1_155' title='bbox 1755 1707 1884 1753; x_wconf 86' lang='lat' dir='ltr'>muscas</span> 
     </span>
     <span class='ocr_line' id='line_1_16' title="bbox 234 1783 1884 1865; baseline 0.005 -23"><span class='ocrx_word' id='word_1_156' title='bbox 234 1783 324 1844; x_wconf 87' lang='lat' dir='ltr'>sicut</span> <span class='ocrx_word' id='word_1_157' title='bbox 359 1784 520 1859; x_wconf 88' lang='lat' dir='ltr'>magister</span> <span class='ocrx_word' id='word_1_158' title='bbox 547 1786 631 1861; x_wconf 78' lang='lat' dir='ltr'>eJus.</span> <span class='ocrx_word' id='word_1_159' title='bbox 659 1784 832 1862; x_wconf 90' lang='lat' dir='ltr'>Impletum</span> <span class='ocrx_word' id='word_1_160' title='bbox 869 1787 921 1847; x_wconf 86' lang='lat' dir='ltr'>est</span> <span class='ocrx_word' id='word_1_161' title='bbox 947 1784 1029 1847; x_wconf 90' lang='lat' dir='ltr'>illud</span> <span class='ocrx_word' id='word_1_162' title='bbox 1085 1785 1250 1865; x_wconf 76' lang='lat' dir='ltr'>subjectas</span> <span class='ocrx_word' id='word_1_163' title='bbox 1273 1784 1389 1860; x_wconf 88' lang='lat' dir='ltr'>habet,</span> <span class='ocrx_word' id='word_1_164' title='bbox 1415 1784 1514 1858; x_wconf 87' lang='lat' dir='ltr'>idest,</span> <span class='ocrx_word' id='word_1_165' title='bbox 1546 1786 1795 1850; x_wconf 80' lang='lat' dir='ltr'>daemoniorum</span> <span class='ocrx_word' id='word_1_166' title='bbox 1814 1789 1884 1851; x_wconf 82' lang='lat' dir='ltr'>tur-</span> 
     </span>
     <span class='ocr_line' id='line_1_17' title="bbox 234 1878 1168 1958; baseline 0.004 -17"><span class='ocrx_word' id='word_1_167' title='bbox 234 1878 1031 1958; x_wconf 63' lang='lat' dir='ltr'>propbeticumzliriistcutpopuinnsicsacer·</span> <span class='ocrx_word' id='word_1_168' title='bbox 1084 1899 1168 1945; x_wconf 89' lang='lat' dir='ltr'>mas.</span> 
     </span>
     <span class='ocr_line' id='line_1_18' title="bbox 233 1975 1885 2060; baseline 0.003 -20"><span class='ocrx_word' id='word_1_169' title='bbox 233 1981 294 2040; x_wconf 83' lang='lat' dir='ltr'>dos</span> <span class='ocrx_word' id='word_1_170' title='bbox 324 1975 383 2058; x_wconf 91' lang='lat' dir='ltr'>(Is.</span> <span class='ocrx_word' id='word_1_171' title='bbox 420 1993 514 2051; x_wconf 76' lang='lat' dir='ltr'>xxiv,</span> <span class='ocrx_word' id='word_1_172' title='bbox 541 1975 587 2058; x_wconf 83' lang='lat'>2).</span> <span class='ocrx_word' id='word_1_173' title='bbox 622 1978 708 2051; x_wconf 89' lang='lat' dir='ltr'>Quin</span> <span class='ocrx_word' id='word_1_174' title='bbox 734 1980 825 2042; x_wconf 71' lang='lat' dir='ltr'>imos</span> <span class='ocrx_word' id='word_1_175' title='bbox 858 1983 1029 2043; x_wconf 77' lang='lat' dir='ltr'>Erubesce</span> <span class='ocrx_word' id='word_1_176' title='bbox 1122 1980 1200 2043; x_wconf 84' lang='lat' dir='ltr'>&#39;Pria</span> <span class='ocrx_word' id='word_1_177' title='bbox 1227 1980 1304 2043; x_wconf 90' lang='lat' dir='ltr'>sunt</span> <span class='ocrx_word' id='word_1_178' title='bbox 1329 1994 1518 2043; x_wconf 87' lang='lat' dir='ltr'>muscarum</span> <span class='ocrx_word' id='word_1_179' title='bbox 1539 1996 1676 2059; x_wconf 89' lang='lat' dir='ltr'>genera,</span> <span class='ocrx_word' id='word_1_180' title='bbox 1707 1998 1788 2060; x_wconf 81' lang='lat' dir='ltr'>qnae</span> <span class='ocrx_word' id='word_1_181' title='bbox 1814 2000 1885 2044; x_wconf 91' lang='lat' dir='ltr'>mo—</span> 
     </span>
    </p>

    <p class='ocr_par' dir='ltr' id='par_1_3' title="bbox 112 2068 1966 5175">
     <span class='ocr_line' id='line_1_19' title="bbox 112 2068 1883 2156; baseline 0.002 -18"><span class='ocrx_word' id='word_1_182' title='bbox 112 2068 120 2087; x_wconf 62' lang='lat'><strong>*</strong></span> <span class='ocrx_word' id='word_1_183' title='bbox 232 2079 348 2148; x_wconf 79' lang='lat' dir='ltr'>Sidon,</span> <span class='ocrx_word' id='word_1_184' title='bbox 365 2076 527 2137; x_wconf 78' lang='lat' dir='ltr'>ditmare</span> <span class='ocrx_word' id='word_1_185' title='bbox 540 2073 597 2155; x_wconf 83' lang='lat' dir='ltr'>(la.</span> <span class='ocrx_word' id='word_1_186' title='bbox 615 2075 771 2156; x_wconf 70' lang='lat' dir='ltr'>unni).</span> <span class='ocrx_word' id='word_1_187' title='bbox 1082 2078 1207 2141; x_wconf 76' lang='lat' dir='ltr'>mentm</span> <span class='ocrx_word' id='word_1_188' title='bbox 1232 2079 1455 2141; x_wconf 84' lang='lat' dir='ltr'>exterminant</span> <span class='ocrx_word' id='word_1_189' title='bbox 1478 2079 1678 2141; x_wconf 74' lang='lat' dir='ltr'>suavitatem</span> <span class='ocrx_word' id='word_1_190' title='bbox 1700 2082 1883 2156; x_wconf 83' lang='lat' dir='ltr'>unguenti,</span> 
     </span>
     <span class='ocr_line' id='line_1_20' title="bbox 231 2171 1966 2255; baseline 0.003 -21"><span class='ocrx_word' id='word_1_191' title='bbox 231 2210 234 2217; x_wconf 79' lang='lat'>-</span> <span class='ocrx_word' id='word_1_192' title='bbox 271 2172 357 2234; x_wconf 89' lang='lat' dir='ltr'>Hinc</span> <span class='ocrx_word' id='word_1_193' title='bbox 382 2171 494 2235; x_wconf 89' lang='lat' dir='ltr'>omnia</span> <span class='ocrx_word' id='word_1_194' title='bbox 519 2174 607 2234; x_wconf 88' lang='lat' dir='ltr'>mala</span> <span class='ocrx_word' id='word_1_195' title='bbox 630 2174 830 2251; x_wconf 83' lang='lat' dir='ltr'>proreninnt</span> <span class='ocrx_word' id='word_1_196' title='bbox 847 2172 883 2235; x_wconf 93' lang='lat' dir='ltr'>in</span> <span class='ocrx_word' id='word_1_197' title='bbox 906 2174 1027 2252; x_wconf 93' lang='lat' dir='ltr'>populo</span> <span class='ocrx_word' id='word_1_198' title='bbox 1082 2176 1211 2239; x_wconf 87' lang='lat' dir='ltr'>scilicet</span> <span class='ocrx_word' id='word_1_199' title='bbox 1232 2176 1375 2250; x_wconf 82' lang='lat' dir='ltr'>vanitas,</span> <span class='ocrx_word' id='word_1_200' title='bbox 1395 2175 1584 2249; x_wconf 87' lang='lat' dir='ltr'>curiositas,</span> <span class='ocrx_word' id='word_1_201' title='bbox 1612 2177 1783 2255; x_wconf 76' lang='lat' dir='ltr'>volupiae.</span> <span class='ocrx_word' id='word_1_202' title='bbox 1807 2181 1884 2250; x_wconf 70' lang='lat' dir='ltr'>Qua</span> <span class='ocrx_word' id='word_1_203' title='bbox 1965 2226 1966 2249; x_wconf 53' lang='lat'>,</span> 
     </span>
     <span class='ocr_line' id='line_1_21' title="bbox 232 2261 1966 2352; baseline 0.002 -20"><span class='ocrx_word' id='word_1_204' title='bbox 232 2269 428 2333; x_wconf 89' lang='lat' dir='ltr'>christiano.</span> <span class='ocrx_word' id='word_1_205' title='bbox 446 2261 539 2332; x_wconf 76' lang='lat' dir='ltr'>Perit</span> <span class='ocrx_word' id='word_1_206' title='bbox 555 2270 648 2341; x_wconf 83' lang='lat' dir='ltr'>tides,</span> <span class='ocrx_word' id='word_1_207' title='bbox 668 2270 794 2348; x_wconf 86' lang='lat' dir='ltr'>religio</span> <span class='ocrx_word' id='word_1_208' title='bbox 811 2270 1025 2346; x_wconf 85' lang='lat' dir='ltr'>deformatur,</span> <span class='ocrx_word' id='word_1_209' title='bbox 1082 2274 1160 2352; x_wconf 86' lang='lat' dir='ltr'>quia</span> <span class='ocrx_word' id='word_1_210' title='bbox 1180 2273 1215 2335; x_wconf 91' lang='lat' dir='ltr'>in</span> <span class='ocrx_word' id='word_1_211' title='bbox 1229 2274 1384 2352; x_wconf 84' lang='lat' dir='ltr'>AEgypto,</span> <span class='ocrx_word' id='word_1_212' title='bbox 1408 2274 1442 2335; x_wconf 87' lang='lat' dir='ltr'>et</span> <span class='ocrx_word' id='word_1_213' title='bbox 1461 2272 1550 2334; x_wconf 86' lang='lat' dir='ltr'>circa</span> <span class='ocrx_word' id='word_1_214' title='bbox 1569 2274 1810 2352; x_wconf 78' lang='lat' dir='ltr'>AEgyptionrm</span> <span class='ocrx_word' id='word_1_215' title='bbox 1825 2291 1884 2336; x_wconf 88' lang='lat' dir='ltr'>sa·</span> <span class='ocrx_word' id='word_1_216' title='bbox 1965 2284 1966 2311; x_wconf 67' lang='lat'><em>³</em></span> 
     </span>
     <span class='ocr_line' id='line_1_22' title="bbox 231 2364 1966 2449; baseline 0.005 -19"><span class='ocrx_word' id='word_1_217' title='bbox 231 2364 368 2431; x_wconf 86' lang='lat' dir='ltr'>libertas</span> <span class='ocrx_word' id='word_1_218' title='bbox 396 2368 621 2442; x_wconf 82' lang='lat' dir='ltr'>contunditur,</span> <span class='ocrx_word' id='word_1_219' title='bbox 641 2369 773 2446; x_wconf 80' lang='lat' dir='ltr'>justitia</span> <span class='ocrx_word' id='word_1_220' title='bbox 800 2369 1024 2442; x_wconf 86' lang='lat' dir='ltr'>conculcatur,</span> <span class='ocrx_word' id='word_1_221' title='bbox 1082 2370 1208 2433; x_wconf 83' lang='lat' dir='ltr'>crificia</span> <span class='ocrx_word' id='word_1_222' title='bbox 1250 2370 1479 2443; x_wconf 87' lang='lat' dir='ltr'>abundabant,</span> <span class='ocrx_word' id='word_1_223' title='bbox 1514 2387 1581 2432; x_wconf 88' lang='lat' dir='ltr'>non</span> <span class='ocrx_word' id='word_1_224' title='bbox 1623 2388 1806 2449; x_wconf 86' lang='lat' dir='ltr'>possumus</span> <span class='ocrx_word' id='word_1_225' title='bbox 1847 2373 1880 2433; x_wconf 82' lang='lat' dir='ltr'>in</span> <span class='ocrx_word' id='word_1_226' title='bbox 1965 2370 1966 2439; x_wconf 84' lang='lat' dir='ltr'>l</span> 
     </span>
     <span class='ocr_line' id='line_1_23' title="bbox 229 2463 1884 2547; baseline 0.002 -19"><span class='ocrx_word' id='word_1_227' title='bbox 229 2463 380 2528; x_wconf 86' lang='lat' dir='ltr'>haeretici</span> <span class='ocrx_word' id='word_1_228' title='bbox 394 2466 569 2544; x_wconf 90' lang='lat' dir='ltr'>pullulant,</span> <span class='ocrx_word' id='word_1_229' title='bbox 585 2466 791 2529; x_wconf 87' lang='lat' dir='ltr'>insolescunt</span> <span class='ocrx_word' id='word_1_230' title='bbox 809 2467 1025 2542; x_wconf 84' lang='lat' dir='ltr'>schismatici,</span> <span class='ocrx_word' id='word_1_231' title='bbox 1080 2470 1225 2547; x_wconf 77' lang='lat' dir='ltr'>AEgypto</span> <span class='ocrx_word' id='word_1_232' title='bbox 1241 2468 1431 2530; x_wconf 76' lang='lat' dir='ltr'>sacrificare</span> <span class='ocrx_word' id='word_1_233' title='bbox 1450 2469 1652 2530; x_wconf 81' lang='lat' dir='ltr'>sacrificinm</span> <span class='ocrx_word' id='word_1_234' title='bbox 1666 2470 1811 2547; x_wconf 78' lang='lat' dir='ltr'>justitiae</span> <span class='ocrx_word' id='word_1_235' title='bbox 1825 2472 1884 2531; x_wconf 86' lang='lat' dir='ltr'>bo·</span> 
     </span>
     <span class='ocr_line' id='line_1_24' title="bbox 229 2560 1966 2644; baseline 0.002 -20"><span class='ocrx_word' id='word_1_236' title='bbox 229 2562 348 2643; x_wconf 88' lang='lat' dir='ltr'>pertidi</span> <span class='ocrx_word' id='word_1_237' title='bbox 360 2563 512 2637; x_wconf 85' lang='lat' dir='ltr'>saeviunt,</span> <span class='ocrx_word' id='word_1_238' title='bbox 525 2565 558 2625; x_wconf 90' lang='lat' dir='ltr'>et</span> <span class='ocrx_word' id='word_1_239' title='bbox 568 2563 751 2642; x_wconf 81' lang='lat' dir='ltr'>praevatent</span> <span class='ocrx_word' id='word_1_240' title='bbox 763 2564 919 2640; x_wconf 78' lang='lat' dir='ltr'>ligarent.</span> <span class='ocrx_word' id='word_1_241' title='bbox 935 2567 1027 2626; x_wconf 84' lang='lat' dir='ltr'>&#39;lem-</span> <span class='ocrx_word' id='word_1_242' title='bbox 1081 2565 1172 2628; x_wconf 92' lang='lat' dir='ltr'>mino</span> <span class='ocrx_word' id='word_1_243' title='bbox 1192 2567 1260 2627; x_wconf 83' lang='lat' dir='ltr'>Deo</span> <span class='ocrx_word' id='word_1_244' title='bbox 1278 2566 1402 2638; x_wconf 85' lang='lat' dir='ltr'>nestro,</span> <span class='ocrx_word' id='word_1_245' title='bbox 1426 2568 1459 2628; x_wconf 91' lang='lat' dir='ltr'>et</span> <span class='ocrx_word' id='word_1_246' title='bbox 1481 2565 1557 2627; x_wconf 88' lang='lat' dir='ltr'>ideo</span> <span class='ocrx_word' id='word_1_247' title='bbox 1580 2565 1831 2644; x_wconf 73' lang='lat' dir='ltr'>proficiscimur</span> <span class='ocrx_word' id='word_1_248' title='bbox 1847 2567 1882 2628; x_wconf 87' lang='lat' dir='ltr'>in</span> <span class='ocrx_word' id='word_1_249' title='bbox 1965 2560 1966 2617; x_wconf 68' lang='grc' dir='ltr'>ἶ</span> 
     </span>
     <span class='ocr_line' id='line_1_25' title="bbox 229 2659 1882 2738; baseline 0.004 -18"><span class='ocrx_word' id='word_1_250' title='bbox 229 2675 291 2738; x_wconf 89' lang='lat' dir='ltr'>pus</span> <span class='ocrx_word' id='word_1_251' title='bbox 306 2661 356 2723; x_wconf 90' lang='lat' dir='ltr'>est</span> <span class='ocrx_word' id='word_1_252' title='bbox 369 2661 469 2733; x_wconf 88' lang='lat' dir='ltr'>enim,</span> <span class='ocrx_word' id='word_1_253' title='bbox 489 2661 575 2722; x_wconf 88' lang='lat' dir='ltr'>sicut</span> <span class='ocrx_word' id='word_1_254' title='bbox 591 2659 708 2723; x_wconf 87' lang='lat' dir='ltr'>beatus</span> <span class='ocrx_word' id='word_1_255' title='bbox 722 2662 901 2737; x_wconf 78' lang='lat' dir='ltr'>Apostolus</span> <span class='ocrx_word' id='word_1_256' title='bbox 918 2662 975 2735; x_wconf 88' lang='lat' dir='ltr'>ait,</span> <span class='ocrx_word' id='word_1_257' title='bbox 990 2662 1026 2724; x_wconf 94' lang='lat' dir='ltr'>ut</span> <span class='ocrx_word' id='word_1_258' title='bbox 1080 2663 1257 2736; x_wconf 88' lang='lat' dir='ltr'>desertum,</span> <span class='ocrx_word' id='word_1_259' title='bbox 1283 2663 1379 2736; x_wconf 87' lang='lat' dir='ltr'>idest,</span> <span class='ocrx_word' id='word_1_260' title='bbox 1402 2663 1438 2724; x_wconf 90' lang='lat' dir='ltr'>in</span> <span class='ocrx_word' id='word_1_261' title='bbox 1462 2662 1675 2725; x_wconf 86' lang='lat' dir='ltr'>solitudinem</span> <span class='ocrx_word' id='word_1_262' title='bbox 1695 2665 1811 2725; x_wconf 91' lang='lat' dir='ltr'>cordis</span> <span class='ocrx_word' id='word_1_263' title='bbox 1828 2666 1882 2726; x_wconf 76' lang='lat' dir='ltr'>ria</span> 
     </span>
     <span class='ocr_line' id='line_1_26' title="bbox 225 2756 1882 2840; baseline 0.004 -23"><span class='ocrx_word' id='word_1_264' title='bbox 225 2756 390 2835; x_wconf 82' lang='lat' dir='ltr'>judicium</span> <span class='ocrx_word' id='word_1_265' title='bbox 405 2756 575 2834; x_wconf 91' lang='lat' dir='ltr'>incipiata</span> <span class='ocrx_word' id='word_1_266' title='bbox 590 2757 686 2819; x_wconf 92' lang='lat' dir='ltr'>domo</span> <span class='ocrx_word' id='word_1_267' title='bbox 701 2759 781 2820; x_wconf 85' lang='lat' dir='ltr'>Dei:</span> <span class='ocrx_word' id='word_1_268' title='bbox 796 2761 821 2821; x_wconf 91' lang='lat' dir='ltr'><em>O</em></span> <span class='ocrx_word' id='word_1_269' title='bbox 837 2762 1027 2822; x_wconf 75' lang='lat' dir='ltr'>Fitihcmi-</span> <span class='ocrx_word' id='word_1_270' title='bbox 1079 2759 1181 2822; x_wconf 89' lang='lat' dir='ltr'>trium</span> <span class='ocrx_word' id='word_1_271' title='bbox 1205 2760 1346 2823; x_wconf 88' lang='lat' dir='ltr'>dlerum.</span> <span class='ocrx_word' id='word_1_272' title='bbox 1363 2764 1409 2823; x_wconf 90' lang='lat' dir='ltr'>De</span> <span class='ocrx_word' id='word_1_273' title='bbox 1431 2761 1540 2838; x_wconf 89' lang='lat' dir='ltr'>prima</span> <span class='ocrx_word' id='word_1_274' title='bbox 1563 2760 1619 2822; x_wconf 92' lang='lat' dir='ltr'>die</span> <span class='ocrx_word' id='word_1_275' title='bbox 1631 2760 1715 2823; x_wconf 89' lang='lat' dir='ltr'>dicit</span> <span class='ocrx_word' id='word_1_276' title='bbox 1740 2779 1882 2840; x_wconf 83' lang='lat' dir='ltr'>sponsus</span> 
     </span>
     <span class='ocr_line' id='line_1_27' title="bbox 228 2855 1880 2936; baseline 0.004 -20"><span class='ocrx_word' id='word_1_277' title='bbox 228 2855 590 2931; x_wconf 61' lang='lat' dir='ltr'>nuesneratatoree,</span> <span class='ocrx_word' id='word_1_278' title='bbox 598 2857 740 2931; x_wconf 77' lang='lat' dir='ltr'>incipite</span> <span class='ocrx_word' id='word_1_279' title='bbox 747 2871 856 2929; x_wconf 82' lang='lat' dir='ltr'>supra</span> <span class='ocrx_word' id='word_1_280' title='bbox 864 2862 1035 2931; x_wconf 76' lang='lat' dir='ltr'>nepetam·</span> <span class='ocrx_word' id='word_1_281' title='bbox 1080 2874 1226 2936; x_wconf 81' lang='lat' dir='ltr'>sponsae:</span> <span class='ocrx_word' id='word_1_282' title='bbox 1246 2862 1328 2922; x_wconf 83' lang='lat' dir='ltr'>Veni</span> <span class='ocrx_word' id='word_1_283' title='bbox 1344 2862 1381 2919; x_wconf 83' lang='lat' dir='ltr'>tn</span> <span class='ocrx_word' id='word_1_284' title='bbox 1394 2859 1534 2921; x_wconf 79' lang='lat' dir='ltr'>borium</span> <span class='ocrx_word' id='word_1_285' title='bbox 1543 2875 1671 2928; x_wconf 85' lang='lat' dir='ltr'>meum,</span> <span class='ocrx_word' id='word_1_286' title='bbox 1686 2874 1798 2921; x_wconf 72' lang='lat' dir='ltr'>sor-or</span> <span class='ocrx_word' id='word_1_287' title='bbox 1806 2876 1880 2923; x_wconf 83' lang='lat' dir='ltr'>mea</span> 
     </span>
     <span class='ocr_line' id='line_1_28' title="bbox 229 2951 1881 3036; baseline 0.004 -23"><span class='ocrx_word' id='word_1_288' title='bbox 229 2952 338 3014; x_wconf 81' lang='lat' dir='ltr'>tuum.</span> <span class='ocrx_word' id='word_1_289' title='bbox 351 2952 473 3029; x_wconf 83' lang='lat' dir='ltr'>Vigila,</span> <span class='ocrx_word' id='word_1_290' title='bbox 486 2951 564 3030; x_wconf 87' lang='lat' dir='ltr'>quia</span> <span class='ocrx_word' id='word_1_291' title='bbox 578 2951 614 3012; x_wconf 92' lang='lat' dir='ltr'>in</span> <span class='ocrx_word' id='word_1_292' title='bbox 628 2952 744 3028; x_wconf 83' lang='lat' dir='ltr'>vigilia</span> <span class='ocrx_word' id='word_1_293' title='bbox 758 2952 921 3016; x_wconf 88' lang='lat' dir='ltr'>matutina</span> <span class='ocrx_word' id='word_1_294' title='bbox 933 2954 1026 3016; x_wconf 81' lang='lat' dir='ltr'>venit</span> <span class='ocrx_word' id='word_1_295' title='bbox 1079 2971 1205 3033; x_wconf 72' lang='lat' dir='ltr'>speum</span> <span class='ocrx_word' id='word_1_296' title='bbox 1211 2955 1318 3036; x_wconf 81' lang='lat' dir='ltr'>(Cant.</span> <span class='ocrx_word' id='word_1_297' title='bbox 1325 2971 1359 3029; x_wconf 81' lang='lat' dir='ltr'>v,</span> <span class='ocrx_word' id='word_1_298' title='bbox 1368 2955 1412 3036; x_wconf 88' lang='lat'>1),</span> <span class='ocrx_word' id='word_1_299' title='bbox 1420 2955 1516 3026; x_wconf 87' lang='lat' dir='ltr'>idest,</span> <span class='ocrx_word' id='word_1_300' title='bbox 1526 2957 1562 3017; x_wconf 92' lang='lat' dir='ltr'>in</span> <span class='ocrx_word' id='word_1_301' title='bbox 1567 2956 1774 3034; x_wconf 87' lang='lat' dir='ltr'>plantarium</span> <span class='ocrx_word' id='word_1_302' title='bbox 1784 2957 1881 3020; x_wconf 85' lang='lat' dir='ltr'>bona·</span> 
     </span>
     <span class='ocr_line' id='line_1_29' title="bbox 228 3048 1881 3132; baseline 0.004 -21"><span class='ocrx_word' id='word_1_303' title='bbox 228 3049 387 3111; x_wconf 86' lang='lat' dir='ltr'>Dominus</span> <span class='ocrx_word' id='word_1_304' title='bbox 398 3049 440 3110; x_wconf 91' lang='lat' dir='ltr'>ad</span> <span class='ocrx_word' id='word_1_305' title='bbox 450 3048 641 3127; x_wconf 85' lang='lat' dir='ltr'>discipulos.</span> <span class='ocrx_word' id='word_1_306' title='bbox 652 3048 774 3126; x_wconf 87' lang='lat' dir='ltr'>Vigila,</span> <span class='ocrx_word' id='word_1_307' title='bbox 787 3050 864 3128; x_wconf 89' lang='lat' dir='ltr'>quia</span> <span class='ocrx_word' id='word_1_308' title='bbox 874 3050 1024 3128; x_wconf 88' lang='lat' dir='ltr'>pastores</span> <span class='ocrx_word' id='word_1_309' title='bbox 1078 3053 1646 3117; x_wconf 83' lang='lat' dir='ltr'>rumririntum.1liesecundaaudit</span> <span class='ocrx_word' id='word_1_310' title='bbox 1661 3071 1783 3132; x_wconf 86' lang='lat' dir='ltr'>sponsa</span> <span class='ocrx_word' id='word_1_311' title='bbox 1793 3056 1881 3117; x_wconf 84' lang='lat' dir='ltr'>eidi·</span> 
     </span>
     <span class='ocr_line' id='line_1_30' title="bbox 225 3146 1879 3226; baseline 0.004 -17"><span class='ocrx_word' id='word_1_312' title='bbox 225 3148 323 3209; x_wconf 89' lang='lat' dir='ltr'>erant</span> <span class='ocrx_word' id='word_1_313' title='bbox 341 3148 376 3209; x_wconf 92' lang='lat' dir='ltr'>in</span> <span class='ocrx_word' id='word_1_314' title='bbox 397 3147 534 3224; x_wconf 84' lang='lat' dir='ltr'>regione</span> <span class='ocrx_word' id='word_1_315' title='bbox 555 3146 616 3209; x_wconf 90' lang='lat' dir='ltr'>illa</span> <span class='ocrx_word' id='word_1_316' title='bbox 644 3146 867 3210; x_wconf 86' lang='lat' dir='ltr'>custodientes</span> <span class='ocrx_word' id='word_1_317' title='bbox 890 3148 1024 3226; x_wconf 83' lang='lat' dir='ltr'>vigilias</span> <span class='ocrx_word' id='word_1_318' title='bbox 1078 3152 1139 3214; x_wconf 89' lang='lat' dir='ltr'>cit:</span> <span class='ocrx_word' id='word_1_319' title='bbox 1153 3152 1356 3214; x_wconf 72' lang='lat' dir='ltr'>introducit</span> <span class='ocrx_word' id='word_1_320' title='bbox 1368 3165 1424 3214; x_wconf 86' lang='lat' dir='ltr'>mc</span> <span class='ocrx_word' id='word_1_321' title='bbox 1437 3166 1505 3213; x_wconf 80' lang='lat' dir='ltr'>ree</span> <span class='ocrx_word' id='word_1_322' title='bbox 1517 3155 1555 3212; x_wconf 83' lang='lat' dir='ltr'>tn</span> <span class='ocrx_word' id='word_1_323' title='bbox 1567 3157 1688 3213; x_wconf 74' lang='lat' dir='ltr'>cedem</span> <span class='ocrx_word' id='word_1_324' title='bbox 1703 3155 1879 3215; x_wconf 65' lang='lat' dir='ltr'>ainamma</span> 
     </span>
     <span class='ocr_line' id='line_1_31' title="bbox 226 3245 1877 3330; baseline 0.002 -23"><span class='ocrx_word' id='word_1_325' title='bbox 226 3247 334 3309; x_wconf 86' lang='lat' dir='ltr'>noctis</span> <span class='ocrx_word' id='word_1_326' title='bbox 344 3261 445 3324; x_wconf 88' lang='lat' dir='ltr'>snper</span> <span class='ocrx_word' id='word_1_327' title='bbox 455 3261 590 3324; x_wconf 79' lang='lat' dir='ltr'>gregem</span> <span class='ocrx_word' id='word_1_328' title='bbox 601 3262 709 3308; x_wconf 90' lang='lat' dir='ltr'>suum.</span> <span class='ocrx_word' id='word_1_329' title='bbox 720 3245 841 3324; x_wconf 86' lang='lat' dir='ltr'>Vigila,</span> <span class='ocrx_word' id='word_1_330' title='bbox 855 3246 933 3326; x_wconf 89' lang='lat' dir='ltr'>quia</span> <span class='ocrx_word' id='word_1_331' title='bbox 943 3246 1025 3325; x_wconf 83' lang='lat' dir='ltr'>vigl-</span> <span class='ocrx_word' id='word_1_332' title='bbox 1079 3247 1186 3330; x_wconf 80' lang='lat' dir='ltr'>(Cant.</span> <span class='ocrx_word' id='word_1_333' title='bbox 1199 3264 1237 3323; x_wconf 89' lang='lat'>11,</span> <span class='ocrx_word' id='word_1_334' title='bbox 1253 3247 1299 3329; x_wconf 77' lang='lat' dir='ltr'>l),</span> <span class='ocrx_word' id='word_1_335' title='bbox 1316 3248 1412 3322; x_wconf 88' lang='lat' dir='ltr'>idest,</span> <span class='ocrx_word' id='word_1_336' title='bbox 1433 3249 1521 3310; x_wconf 90' lang='lat' dir='ltr'>inter</span> <span class='ocrx_word' id='word_1_337' title='bbox 1533 3248 1673 3311; x_wconf 85' lang='lat' dir='ltr'>delicias</span> <span class='ocrx_word' id='word_1_338' title='bbox 1690 3250 1877 3327; x_wconf 83' lang='lat' dir='ltr'>scriptura·</span> 
     </span>
     <span class='ocr_line' id='line_1_32' title="bbox 225 3343 1879 3424; baseline 0.003 -20"><span class='ocrx_word' id='word_1_339' title='bbox 225 3343 341 3407; x_wconf 89' lang='lat' dir='ltr'>labant</span> <span class='ocrx_word' id='word_1_340' title='bbox 354 3344 522 3417; x_wconf 90' lang='lat' dir='ltr'>mulieres,</span> <span class='ocrx_word' id='word_1_341' title='bbox 546 3344 678 3422; x_wconf 90' lang='lat' dir='ltr'>quando</span> <span class='ocrx_word' id='word_1_342' title='bbox 694 3344 849 3407; x_wconf 87' lang='lat' dir='ltr'>viderunt</span> <span class='ocrx_word' id='word_1_343' title='bbox 868 3345 1023 3422; x_wconf 88' lang='lat' dir='ltr'>angelum</span> <span class='ocrx_word' id='word_1_344' title='bbox 1077 3363 1162 3409; x_wconf 90' lang='lat' dir='ltr'>rum.</span> <span class='ocrx_word' id='word_1_345' title='bbox 1178 3347 1290 3410; x_wconf 85' lang='lat' dir='ltr'>Tertia</span> <span class='ocrx_word' id='word_1_346' title='bbox 1310 3346 1381 3408; x_wconf 92' lang='lat' dir='ltr'>dies</span> <span class='ocrx_word' id='word_1_347' title='bbox 1392 3347 1442 3408; x_wconf 88' lang='lat' dir='ltr'>est</span> <span class='ocrx_word' id='word_1_348' title='bbox 1457 3345 1635 3419; x_wconf 82' lang='lat' dir='ltr'>thalamus,</span> <span class='ocrx_word' id='word_1_349' title='bbox 1657 3346 1756 3419; x_wconf 83' lang='lat' dir='ltr'>idest,</span> <span class='ocrx_word' id='word_1_350' title='bbox 1773 3348 1879 3424; x_wconf 89' lang='lat' dir='ltr'>pleni-</span> 
     </span>
     <span class='ocr_line' id='line_1_33' title="bbox 226 3441 1877 3522; baseline 0.002 -20"><span class='ocrx_word' id='word_1_351' title='bbox 226 3442 266 3502; x_wconf 90' lang='lat' dir='ltr'>ad</span> <span class='ocrx_word' id='word_1_352' title='bbox 283 3442 507 3520; x_wconf 84' lang='lat' dir='ltr'>sepulchrum.</span> <span class='ocrx_word' id='word_1_353' title='bbox 527 3441 649 3519; x_wconf 80' lang='lat' dir='ltr'>Vigila,</span> <span class='ocrx_word' id='word_1_354' title='bbox 660 3441 738 3520; x_wconf 87' lang='lat' dir='ltr'>quia</span> <span class='ocrx_word' id='word_1_355' title='bbox 753 3443 782 3504; x_wconf 88' lang='lat' dir='ltr'>si</span> <span class='ocrx_word' id='word_1_356' title='bbox 795 3443 897 3507; x_wconf 89' lang='lat' dir='ltr'>sciret</span> <span class='ocrx_word' id='word_1_357' title='bbox 911 3446 1024 3521; x_wconf 90' lang='lat' dir='ltr'>pater-</span> <span class='ocrx_word' id='word_1_358' title='bbox 1077 3445 1157 3508; x_wconf 89' lang='lat' dir='ltr'>tudo</span> <span class='ocrx_word' id='word_1_359' title='bbox 1183 3444 1318 3519; x_wconf 91' lang='lat' dir='ltr'>amoris,</span> <span class='ocrx_word' id='word_1_360' title='bbox 1345 3443 1381 3506; x_wconf 92' lang='lat' dir='ltr'>in</span> <span class='ocrx_word' id='word_1_361' title='bbox 1402 3459 1468 3522; x_wconf 92' lang='lat' dir='ltr'>quo</span> <span class='ocrx_word' id='word_1_362' title='bbox 1487 3458 1524 3505; x_wconf 87' lang='lat' dir='ltr'>se</span> <span class='ocrx_word' id='word_1_363' title='bbox 1547 3443 1696 3507; x_wconf 84' lang='lat' dir='ltr'>invicem</span> <span class='ocrx_word' id='word_1_364' title='bbox 1722 3443 1877 3506; x_wconf 79' lang='lat' dir='ltr'>huuntur</span> 
     </span>
     <span class='ocr_line' id='line_1_34' title="bbox 225 3538 1873 3621; baseline 0.002 -22"><span class='ocrx_word' id='word_1_365' title='bbox 225 3538 370 3602; x_wconf 74' lang='lat' dir='ltr'>familias</span> <span class='ocrx_word' id='word_1_366' title='bbox 396 3556 461 3618; x_wconf 92' lang='lat' dir='ltr'>qua</span> <span class='ocrx_word' id='word_1_367' title='bbox 475 3538 558 3601; x_wconf 91' lang='lat' dir='ltr'>bora</span> <span class='ocrx_word' id='word_1_368' title='bbox 574 3539 799 3602; x_wconf 77' lang='lat' dir='ltr'>surrentinus</span> <span class='ocrx_word' id='word_1_369' title='bbox 813 3542 911 3613; x_wconf 88' lang='lat' dir='ltr'>esset,</span> <span class='ocrx_word' id='word_1_370' title='bbox 936 3542 1024 3618; x_wconf 83' lang='lat' dir='ltr'>vigi-</span> <span class='ocrx_word' id='word_1_371' title='bbox 1077 3558 1218 3621; x_wconf 85' lang='lat' dir='ltr'>sponsus</span> <span class='ocrx_word' id='word_1_372' title='bbox 1233 3545 1266 3606; x_wconf 92' lang='lat' dir='ltr'>et</span> <span class='ocrx_word' id='word_1_373' title='bbox 1280 3556 1412 3620; x_wconf 87' lang='lat' dir='ltr'>sponsa.</span> <span class='ocrx_word' id='word_1_374' title='bbox 1434 3543 1475 3604; x_wconf 80' lang='lat' dir='ltr'>nt</span> <span class='ocrx_word' id='word_1_375' title='bbox 1498 3541 1578 3604; x_wconf 89' lang='lat' dir='ltr'>nota</span> <span class='ocrx_word' id='word_1_376' title='bbox 1601 3543 1720 3603; x_wconf 90' lang='lat' dir='ltr'>contra</span> <span class='ocrx_word' id='word_1_377' title='bbox 1738 3541 1873 3603; x_wconf 72' lang='lat' dir='ltr'>vanita-</span> 
     </span>
     <span class='ocr_line' id='line_1_35' title="bbox 224 3636 1877 3715; baseline 0.002 -17"><span class='ocrx_word' id='word_1_378' title='bbox 224 3636 311 3699; x_wconf 91' lang='lat' dir='ltr'>laret</span> <span class='ocrx_word' id='word_1_379' title='bbox 328 3638 453 3715; x_wconf 90' lang='lat' dir='ltr'>utique,</span> <span class='ocrx_word' id='word_1_380' title='bbox 470 3638 504 3700; x_wconf 92' lang='lat' dir='ltr'>et</span> <span class='ocrx_word' id='word_1_381' title='bbox 521 3652 588 3699; x_wconf 94' lang='lat' dir='ltr'>non</span> <span class='ocrx_word' id='word_1_382' title='bbox 601 3637 727 3700; x_wconf 90' lang='lat' dir='ltr'>sineret</span> <span class='ocrx_word' id='word_1_383' title='bbox 742 3637 870 3715; x_wconf 84' lang='lat' dir='ltr'>periodi</span> <span class='ocrx_word' id='word_1_384' title='bbox 890 3639 1022 3701; x_wconf 94' lang='lat' dir='ltr'>domum</span> <span class='ocrx_word' id='word_1_385' title='bbox 1076 3641 1142 3702; x_wconf 90' lang='lat' dir='ltr'>tem</span> <span class='ocrx_word' id='word_1_386' title='bbox 1167 3640 1327 3703; x_wconf 78' lang='lat' dir='ltr'>uirtutum</span> <span class='ocrx_word' id='word_1_387' title='bbox 1350 3639 1562 3713; x_wconf 88' lang='lat' dir='ltr'>soliditatem,</span> <span class='ocrx_word' id='word_1_388' title='bbox 1585 3640 1702 3701; x_wconf 79' lang='lat' dir='ltr'>contm</span> <span class='ocrx_word' id='word_1_389' title='bbox 1728 3639 1877 3701; x_wconf 85' lang='lat' dir='ltr'>curiosi-</span> 
     </span>
     <span class='ocr_line' id='line_1_36' title="bbox 224 3734 1877 3816; baseline 0.001 -21"><span class='ocrx_word' id='word_1_390' title='bbox 224 3749 331 3795; x_wconf 85' lang='lat' dir='ltr'>suam.</span> <span class='ocrx_word' id='word_1_391' title='bbox 341 3734 967 3815; x_wconf 81' lang='lat' dir='ltr'>Etlsaias:Giomanecesses(ls.nv111,</span> <span class='ocrx_word' id='word_1_392' title='bbox 977 3735 1020 3816; x_wconf 90' lang='lat'>1).</span> <span class='ocrx_word' id='word_1_393' title='bbox 1075 3736 1177 3800; x_wconf 89' lang='lat' dir='ltr'>tatem</span> <span class='ocrx_word' id='word_1_394' title='bbox 1197 3739 1439 3816; x_wconf 88' lang='lat' dir='ltr'>scripturarum</span> <span class='ocrx_word' id='word_1_395' title='bbox 1459 3737 1589 3799; x_wconf 78' lang='lat' dir='ltr'>uariam</span> <span class='ocrx_word' id='word_1_396' title='bbox 1611 3736 1877 3806; x_wconf 85' lang='lat' dir='ltr'>delectationem,</span> 
     </span>
     <span class='ocr_line' id='line_1_37' title="bbox 224 3829 1877 3912; baseline 0.002 -20"><span class='ocrx_word' id='word_1_397' title='bbox 224 3831 308 3902; x_wconf 88' lang='lat' dir='ltr'>Quia</span> <span class='ocrx_word' id='word_1_398' title='bbox 325 3830 484 3909; x_wconf 79' lang='lat' dir='ltr'>prelatus</span> <span class='ocrx_word' id='word_1_399' title='bbox 499 3829 728 3893; x_wconf 87' lang='lat' dir='ltr'>debethabere</span> <span class='ocrx_word' id='word_1_400' title='bbox 743 3831 867 3894; x_wconf 90' lang='lat' dir='ltr'>bonum</span> <span class='ocrx_word' id='word_1_401' title='bbox 877 3834 1023 3895; x_wconf 86' lang='lat' dir='ltr'>testimo·</span> <span class='ocrx_word' id='word_1_402' title='bbox 1077 3837 1192 3899; x_wconf 89' lang='lat' dir='ltr'>contra</span> <span class='ocrx_word' id='word_1_403' title='bbox 1228 3836 1430 3912; x_wconf 84' lang='lat' dir='ltr'>voluptatem</span> <span class='ocrx_word' id='word_1_404' title='bbox 1461 3835 1581 3895; x_wconf 89' lang='lat' dir='ltr'>summi</span> <span class='ocrx_word' id='word_1_405' title='bbox 1614 3833 1704 3895; x_wconf 91' lang='lat' dir='ltr'>illius</span> <span class='ocrx_word' id='word_1_406' title='bbox 1732 3833 1877 3895; x_wconf 84' lang='lat' dir='ltr'>thalami</span> 
     </span>
     <span class='ocr_line' id='line_1_38' title="bbox 222 3926 1873 4008; baseline 0.001 -18"><span class='ocrx_word' id='word_1_407' title='bbox 222 3928 316 3992; x_wconf 90' lang='lat' dir='ltr'>nium</span> <span class='ocrx_word' id='word_1_408' title='bbox 331 3927 372 3991; x_wconf 88' lang='lat' dir='ltr'>ab</span> <span class='ocrx_word' id='word_1_409' title='bbox 387 3926 429 3989; x_wconf 90' lang='lat' dir='ltr'>iis</span> <span class='ocrx_word' id='word_1_410' title='bbox 440 3927 585 4006; x_wconf 89' lang='lat' dir='ltr'>quisunt</span> <span class='ocrx_word' id='word_1_411' title='bbox 597 3927 698 3999; x_wconf 88' lang='lat' dir='ltr'>intus,</span> <span class='ocrx_word' id='word_1_412' title='bbox 714 3927 747 3990; x_wconf 91' lang='lat' dir='ltr'>et</span> <span class='ocrx_word' id='word_1_413' title='bbox 761 3926 803 3989; x_wconf 89' lang='lat' dir='ltr'>ab</span> <span class='ocrx_word' id='word_1_414' title='bbox 819 3928 861 3990; x_wconf 90' lang='lat' dir='ltr'>iis</span> <span class='ocrx_word' id='word_1_415' title='bbox 874 3929 930 4007; x_wconf 90' lang='lat' dir='ltr'>qni</span> <span class='ocrx_word' id='word_1_416' title='bbox 946 3930 1023 3992; x_wconf 90' lang='lat' dir='ltr'>sunt</span> <span class='ocrx_word' id='word_1_417' title='bbox 1075 3948 1234 3996; x_wconf 88' lang='lat' dir='ltr'>amorem.</span> <span class='ocrx_word' id='word_1_418' title='bbox 1263 3934 1437 3994; x_wconf 70' lang='lat' dir='ltr'>Daemones</span> <span class='ocrx_word' id='word_1_419' title='bbox 1461 3932 1683 4008; x_wconf 87' lang='lat' dir='ltr'>designantur</span> <span class='ocrx_word' id='word_1_420' title='bbox 1700 3945 1762 4008; x_wconf 88' lang='lat' dir='ltr'>per</span> <span class='ocrx_word' id='word_1_421' title='bbox 1779 3948 1873 3992; x_wconf 87' lang='lat' dir='ltr'>mus·</span> 
     </span>
     <span class='ocr_line' id='line_1_39' title="bbox 222 4022 1872 4109; baseline 0.002 -23"><span class='ocrx_word' id='word_1_422' title='bbox 222 4023 317 4087; x_wconf 84' lang='lat' dir='ltr'>foris.</span> <span class='ocrx_word' id='word_1_423' title='bbox 336 4024 420 4098; x_wconf 86' lang='lat' dir='ltr'>Quia</span> <span class='ocrx_word' id='word_1_424' title='bbox 441 4024 529 4086; x_wconf 89' lang='lat' dir='ltr'>sicut</span> <span class='ocrx_word' id='word_1_425' title='bbox 543 4022 624 4085; x_wconf 89' lang='lat' dir='ltr'>dicit</span> <span class='ocrx_word' id='word_1_426' title='bbox 638 4024 877 4100; x_wconf 83' lang='lat' dir='ltr'>Euangelinm:</span> <span class='ocrx_word' id='word_1_427' title='bbox 899 4028 1023 4088; x_wconf 77' lang='lat' dir='ltr'>Siclo-</span> <span class='ocrx_word' id='word_1_428' title='bbox 1075 4047 1143 4103; x_wconf 89' lang='lat' dir='ltr'>cas,</span> <span class='ocrx_word' id='word_1_429' title='bbox 1160 4030 1238 4109; x_wconf 86' lang='lat' dir='ltr'>qnia</span> <span class='ocrx_word' id='word_1_430' title='bbox 1258 4028 1344 4091; x_wconf 89' lang='lat' dir='ltr'>sicut</span> <span class='ocrx_word' id='word_1_431' title='bbox 1362 4045 1485 4090; x_wconf 85' lang='lat' dir='ltr'>muscae</span> <span class='ocrx_word' id='word_1_432' title='bbox 1502 4028 1579 4090; x_wconf 89' lang='lat' dir='ltr'>sunt</span> <span class='ocrx_word' id='word_1_433' title='bbox 1600 4028 1813 4105; x_wconf 76' lang='lat' dir='ltr'>importuna,</span> <span class='ocrx_word' id='word_1_434' title='bbox 1827 4028 1872 4090; x_wconf 87' lang='lat' dir='ltr'>ita</span> 
     </span>
     <span class='ocr_line' id='line_1_40' title="bbox 221 4120 1873 4203; baseline 0.002 -19"><span class='ocrx_word' id='word_1_435' title='bbox 221 4123 631 4185; x_wconf 73' lang='lat' dir='ltr'>ceottueoesirocorom</span> <span class='ocrx_word' id='word_1_436' title='bbox 644 4124 874 4184; x_wconf 80' lang='lat' dir='ltr'>hominibus...</span> <span class='ocrx_word' id='word_1_437' title='bbox 887 4120 1019 4201; x_wconf 86' lang='lat' dir='ltr'>(Matth.</span> <span class='ocrx_word' id='word_1_438' title='bbox 1075 4127 1242 4190; x_wconf 86' lang='lat' dir='ltr'>daemones</span> <span class='ocrx_word' id='word_1_439' title='bbox 1263 4127 1341 4189; x_wconf 90' lang='lat' dir='ltr'>sunt</span> <span class='ocrx_word' id='word_1_440' title='bbox 1362 4125 1474 4189; x_wconf 84' lang='lat' dir='ltr'>infesti</span> <span class='ocrx_word' id='word_1_441' title='bbox 1498 4124 1691 4187; x_wconf 89' lang='lat' dir='ltr'>hominibus</span> <span class='ocrx_word' id='word_1_442' title='bbox 1718 4140 1873 4203; x_wconf 79' lang='lat' dir='ltr'>perversa</span> 
     </span>
     <span class='ocr_line' id='line_1_41' title="bbox 221 4217 1869 4300; baseline -0.001 -16"><span class='ocrx_word' id='word_1_443' title='bbox 221 4236 254 4293; x_wconf 81' lang='lat' dir='ltr'>v,</span> <span class='ocrx_word' id='word_1_444' title='bbox 270 4217 334 4299; x_wconf 84' lang='grc'>16).</span> <span class='ocrx_word' id='word_1_445' title='bbox 350 4219 444 4293; x_wconf 89' lang='lat' dir='ltr'>Quia,</span> <span class='ocrx_word' id='word_1_446' title='bbox 459 4219 582 4297; x_wconf 89' lang='lat' dir='ltr'>quanto</span> <span class='ocrx_word' id='word_1_447' title='bbox 598 4219 721 4297; x_wconf 74' lang='lat' dir='ltr'>gradu</span> <span class='ocrx_word' id='word_1_448' title='bbox 736 4219 846 4293; x_wconf 89' lang='lat' dir='ltr'>altior,</span> <span class='ocrx_word' id='word_1_449' title='bbox 857 4222 951 4284; x_wconf 85' lang='lat' dir='ltr'>tanto</span> <span class='ocrx_word' id='word_1_450' title='bbox 963 4236 1022 4283; x_wconf 90' lang='lat' dir='ltr'>ca·</span> <span class='ocrx_word' id='word_1_451' title='bbox 1073 4224 1256 4288; x_wconf 89' lang='lat' dir='ltr'>tentatione</span> <span class='ocrx_word' id='word_1_452' title='bbox 1271 4225 1305 4286; x_wconf 89' lang='lat' dir='ltr'>et</span> <span class='ocrx_word' id='word_1_453' title='bbox 1318 4223 1541 4300; x_wconf 90' lang='lat' dir='ltr'>suggestione.</span> <span class='ocrx_word' id='word_1_454' title='bbox 1559 4222 1654 4284; x_wconf 90' lang='lat' dir='ltr'>Unde</span> <span class='ocrx_word' id='word_1_455' title='bbox 1671 4222 1869 4299; x_wconf 80' lang='lat' dir='ltr'>Gregorius:</span> 
     </span>
     <span class='ocr_line' id='line_1_42' title="bbox 221 4315 1871 4398; baseline 0 -17"><span class='ocrx_word' id='word_1_456' title='bbox 221 4334 279 4381; x_wconf 87' lang='lat' dir='ltr'>sus</span> <span class='ocrx_word' id='word_1_457' title='bbox 298 4318 444 4395; x_wconf 80' lang='lat' dir='ltr'>gravior,</span> <span class='ocrx_word' id='word_1_458' title='bbox 465 4317 499 4379; x_wconf 90' lang='lat' dir='ltr'>et</span> <span class='ocrx_word' id='word_1_459' title='bbox 513 4315 567 4379; x_wconf 93' lang='lat' dir='ltr'>cui</span> <span class='ocrx_word' id='word_1_460' title='bbox 582 4317 658 4395; x_wconf 87' lang='lat' dir='ltr'>plus</span> <span class='ocrx_word' id='word_1_461' title='bbox 673 4316 900 4394; x_wconf 90' lang='lat' dir='ltr'>committitur,</span> <span class='ocrx_word' id='word_1_462' title='bbox 914 4317 956 4381; x_wconf 89' lang='lat' dir='ltr'>ab</span> <span class='ocrx_word' id='word_1_463' title='bbox 980 4335 1020 4382; x_wconf 90' lang='lat' dir='ltr'>eo</span> <span class='ocrx_word' id='word_1_464' title='bbox 1074 4341 1093 4385; x_wconf 63' lang='grc' dir='ltr'><strong><em>ι</em></strong></span> <span class='ocrx_word' id='word_1_465' title='bbox 1108 4323 1228 4385; x_wconf 88' lang='lat' dir='ltr'>Nullus</span> <span class='ocrx_word' id='word_1_466' title='bbox 1238 4322 1273 4384; x_wconf 94' lang='lat' dir='ltr'>in</span> <span class='ocrx_word' id='word_1_467' title='bbox 1288 4321 1351 4383; x_wconf 89' lang='lat' dir='ltr'>hac</span> <span class='ocrx_word' id='word_1_468' title='bbox 1361 4321 1431 4384; x_wconf 85' lang='lat' dir='ltr'>vita</span> <span class='ocrx_word' id='word_1_469' title='bbox 1440 4320 1608 4398; x_wconf 91' lang='lat' dir='ltr'>justorum</span> <span class='ocrx_word' id='word_1_470' title='bbox 1620 4320 1726 4393; x_wconf 76' lang='lat' dir='ltr'>venit,</span> <span class='ocrx_word' id='word_1_471' title='bbox 1741 4321 1798 4398; x_wconf 90' lang='lat' dir='ltr'>qui</span> <span class='ocrx_word' id='word_1_472' title='bbox 1810 4336 1871 4382; x_wconf 90' lang='lat' dir='ltr'>non</span> 
     </span>
     <span class='ocr_line' id='line_1_43' title="bbox 220 4414 1872 4499; baseline 0 -20"><span class='ocrx_word' id='word_1_473' title='bbox 220 4418 297 4497; x_wconf 89' lang='lat' dir='ltr'>plns</span> <span class='ocrx_word' id='word_1_474' title='bbox 306 4416 464 4494; x_wconf 82' lang='lat' dir='ltr'>exigitur.</span> <span class='ocrx_word' id='word_1_475' title='bbox 481 4416 576 4490; x_wconf 88' lang='lat' dir='ltr'>Quia,</span> <span class='ocrx_word' id='word_1_476' title='bbox 588 4414 618 4476; x_wconf 91' lang='lat' dir='ltr'>si</span> <span class='ocrx_word' id='word_1_477' title='bbox 633 4415 800 4485; x_wconf 87' lang='lat' dir='ltr'>sacerdos,</span> <span class='ocrx_word' id='word_1_478' title='bbox 812 4416 869 4494; x_wconf 92' lang='lat' dir='ltr'>qui</span> <span class='ocrx_word' id='word_1_479' title='bbox 878 4417 930 4480; x_wconf 90' lang='lat' dir='ltr'>est</span> <span class='ocrx_word' id='word_1_480' title='bbox 943 4433 1021 4478; x_wconf 87' lang='lat' dir='ltr'>nnc·</span> <span class='ocrx_word' id='word_1_481' title='bbox 1074 4421 1203 4499; x_wconf 86' lang='lat' dir='ltr'>antiqui</span> <span class='ocrx_word' id='word_1_482' title='bbox 1221 4419 1327 4482; x_wconf 90' lang='lat' dir='ltr'>hostis</span> <span class='ocrx_word' id='word_1_483' title='bbox 1350 4418 1492 4480; x_wconf 86' lang='lat' dir='ltr'>insidias</span> <span class='ocrx_word' id='word_1_484' title='bbox 1515 4433 1633 4495; x_wconf 90' lang='lat' dir='ltr'>passus</span> <span class='ocrx_word' id='word_1_485' title='bbox 1662 4418 1718 4481; x_wconf 88' lang='lat' dir='ltr'>sit.</span> <span class='ocrx_word' id='word_1_486' title='bbox 1741 4434 1762 4479; x_wconf 71' lang='lat' dir='ltr'>s</span> <span class='ocrx_word' id='word_1_487' title='bbox 1784 4416 1872 4480; x_wconf 86' lang='lat' dir='ltr'>Unde</span> 
     </span>
     <span class='ocr_line' id='line_1_44' title="bbox 220 4512 1872 4594; baseline -0.001 -16"><span class='ocrx_word' id='word_1_488' title='bbox 220 4514 501 4594; x_wconf 80' lang='lat' dir='ltr'>tuspeccaverit,</span> <span class='ocrx_word' id='word_1_489' title='bbox 527 4512 609 4575; x_wconf 87' lang='lat' dir='ltr'>facit</span> <span class='ocrx_word' id='word_1_490' title='bbox 630 4512 825 4590; x_wconf 90' lang='lat' dir='ltr'>delinquere</span> <span class='ocrx_word' id='word_1_491' title='bbox 848 4514 1018 4592; x_wconf 91' lang='lat' dir='ltr'>populum.</span> <span class='ocrx_word' id='word_1_492' title='bbox 1073 4516 1200 4578; x_wconf 88' lang='lat' dir='ltr'>David:</span> <span class='ocrx_word' id='word_1_493' title='bbox 1227 4518 1291 4584; x_wconf 78' lang='lat' dir='ltr'>Qui</span> <span class='ocrx_word' id='word_1_494' title='bbox 1316 4515 1482 4577; x_wconf 72' lang='lat' dir='ltr'>tribulam</span> <span class='ocrx_word' id='word_1_495' title='bbox 1507 4528 1575 4587; x_wconf 85' lang='lat' dir='ltr'>me,</span> <span class='ocrx_word' id='word_1_496' title='bbox 1599 4515 1817 4587; x_wconf 72' lang='lat' dir='ltr'>eemtobum,</span> <span class='ocrx_word' id='word_1_497' title='bbox 1841 4517 1872 4576; x_wconf 79' lang='lat' dir='ltr'>at</span> 
     </span>
     <span class='ocr_line' id='line_1_45' title="bbox 220 4607 1871 4691; baseline -0.001 -17"><span class='ocrx_word' id='word_1_498' title='bbox 220 4615 398 4675; x_wconf 87' lang='lat' dir='ltr'>Peccatum</span> <span class='ocrx_word' id='word_1_499' title='bbox 408 4610 590 4674; x_wconf 89' lang='lat' dir='ltr'>sacerdotis</span> <span class='ocrx_word' id='word_1_500' title='bbox 600 4609 660 4672; x_wconf 89' lang='lat' dir='ltr'>alii</span> <span class='ocrx_word' id='word_1_501' title='bbox 671 4609 943 4684; x_wconf 88' lang='lat' dir='ltr'>damnosum,sed</span> <span class='ocrx_word' id='word_1_502' title='bbox 954 4612 1019 4674; x_wconf 90' lang='lat' dir='ltr'>sibi</span> <span class='ocrx_word' id='word_1_503' title='bbox 1072 4615 1188 4677; x_wconf 76' lang='lat' dir='ltr'>mettas</span> <span class='ocrx_word' id='word_1_504' title='bbox 1207 4615 1308 4688; x_wconf 64' lang='lat' dir='ltr'>[tuero</span> <span class='ocrx_word' id='word_1_505' title='bbox 1332 4610 1403 4691; x_wconf 88' lang='lat' dir='ltr'>(Ps.</span> <span class='ocrx_word' id='word_1_506' title='bbox 1429 4611 1478 4683; x_wconf 84' lang='lat'>12,</span> <span class='ocrx_word' id='word_1_507' title='bbox 1503 4607 1549 4688; x_wconf 83' lang='lat'>5).</span> <span class='ocrx_word' id='word_1_508' title='bbox 1575 4612 1616 4672; x_wconf 81' lang='lat' dir='ltr'>et</span> <span class='ocrx_word' id='word_1_509' title='bbox 1639 4609 1729 4672; x_wconf 89' lang='lat' dir='ltr'>sicut</span> <span class='ocrx_word' id='word_1_510' title='bbox 1752 4626 1871 4673; x_wconf 78' lang='lat' dir='ltr'>musca</span> 
     </span>
     <span class='ocr_line' id='line_1_46' title="bbox 220 4707 1873 4788; baseline -0.001 -17"><span class='ocrx_word' id='word_1_511' title='bbox 220 4709 444 4788; x_wconf 89' lang='lat' dir='ltr'>periculosum</span> <span class='ocrx_word' id='word_1_512' title='bbox 459 4707 585 4771; x_wconf 82' lang='lat' dir='ltr'>existit.</span> <span class='ocrx_word' id='word_1_513' title='bbox 601 4708 641 4769; x_wconf 81' lang='lat' dir='ltr'>nt</span> <span class='ocrx_word' id='word_1_514' title='bbox 660 4707 689 4768; x_wconf 91' lang='lat' dir='ltr'>si</span> <span class='ocrx_word' id='word_1_515' title='bbox 704 4707 862 4785; x_wconf 87' lang='lat' dir='ltr'>praelaius</span> <span class='ocrx_word' id='word_1_516' title='bbox 882 4724 1020 4772; x_wconf 86' lang='lat' dir='ltr'>errave-</span> <span class='ocrx_word' id='word_1_517' title='bbox 1072 4711 1210 4773; x_wconf 78' lang='lat' dir='ltr'>ueniunt</span> <span class='ocrx_word' id='word_1_518' title='bbox 1224 4712 1257 4773; x_wconf 91' lang='lat' dir='ltr'>et</span> <span class='ocrx_word' id='word_1_519' title='bbox 1276 4709 1446 4780; x_wconf 90' lang='lat' dir='ltr'>recedunt,</span> <span class='ocrx_word' id='word_1_520' title='bbox 1467 4707 1515 4769; x_wconf 91' lang='lat' dir='ltr'>ita</span> <span class='ocrx_word' id='word_1_521' title='bbox 1542 4707 1711 4769; x_wconf 86' lang='lat' dir='ltr'>daemones</span> <span class='ocrx_word' id='word_1_522' title='bbox 1737 4707 1873 4771; x_wconf 81' lang='lat' dir='ltr'>veniunt</span> 
     </span>
     <span class='ocr_line' id='line_1_47' title="bbox 219 4804 1873 4884; baseline 0 -17"><span class='ocrx_word' id='word_1_523' title='bbox 219 4807 276 4878; x_wconf 89' lang='lat' dir='ltr'>rit,</span> <span class='ocrx_word' id='word_1_524' title='bbox 301 4821 406 4884; x_wconf 87' lang='lat' dir='ltr'>aquo</span> <span class='ocrx_word' id='word_1_525' title='bbox 432 4804 625 4867; x_wconf 90' lang='lat' dir='ltr'>erudieturt</span> <span class='ocrx_word' id='word_1_526' title='bbox 645 4804 739 4866; x_wconf 89' lang='lat' dir='ltr'>Unde</span> <span class='ocrx_word' id='word_1_527' title='bbox 765 4805 1019 4870; x_wconf 72' lang='lat' dir='ltr'>emendabitur?</span> <span class='ocrx_word' id='word_1_528' title='bbox 1073 4809 1114 4871; x_wconf 90' lang='lat' dir='ltr'>ad</span> <span class='ocrx_word' id='word_1_529' title='bbox 1130 4809 1298 4871; x_wconf 91' lang='lat' dir='ltr'>hominem</span> <span class='ocrx_word' id='word_1_530' title='bbox 1320 4806 1489 4877; x_wconf 86' lang='lat' dir='ltr'>tentando,</span> <span class='ocrx_word' id='word_1_531' title='bbox 1506 4806 1539 4867; x_wconf 90' lang='lat' dir='ltr'>et</span> <span class='ocrx_word' id='word_1_532' title='bbox 1552 4805 1715 4867; x_wconf 88' lang='lat' dir='ltr'>recedunt</span> <span class='ocrx_word' id='word_1_533' title='bbox 1732 4806 1776 4867; x_wconf 88' lang='lat' dir='ltr'>ad</span> <span class='ocrx_word' id='word_1_534' title='bbox 1793 4808 1873 4869; x_wconf 89' lang='lat' dir='ltr'>tem·</span> 
     </span>
     <span class='ocr_line' id='line_1_48' title="bbox 220 4899 1871 4982; baseline -0.002 -17"><span class='ocrx_word' id='word_1_535' title='bbox 220 4905 249 4965; x_wconf 83' lang='lat' dir='ltr'>A</span> <span class='ocrx_word' id='word_1_536' title='bbox 262 4902 365 4963; x_wconf 91' lang='lat' dir='ltr'>nullo.</span> <span class='ocrx_word' id='word_1_537' title='bbox 382 4900 517 4963; x_wconf 84' lang='lat' dir='ltr'>Praelati</span> <span class='ocrx_word' id='word_1_538' title='bbox 532 4899 654 4963; x_wconf 91' lang='lat' dir='ltr'>debent</span> <span class='ocrx_word' id='word_1_539' title='bbox 664 4916 739 4962; x_wconf 91' lang='lat' dir='ltr'>esse</span> <span class='ocrx_word' id='word_1_540' title='bbox 753 4901 951 4965; x_wconf 90' lang='lat' dir='ltr'>mediatores</span> <span class='ocrx_word' id='word_1_541' title='bbox 964 4904 1020 4965; x_wconf 86' lang='lat' dir='ltr'>in·</span> <span class='ocrx_word' id='word_1_542' title='bbox 1072 4920 1145 4982; x_wconf 86' lang='lat' dir='ltr'>pus,</span> <span class='ocrx_word' id='word_1_543' title='bbox 1164 4919 1185 4965; x_wconf 90' lang='lat' dir='ltr'>a</span> <span class='ocrx_word' id='word_1_544' title='bbox 1205 4902 1388 4965; x_wconf 88' lang='lat' dir='ltr'>tentatione</span> <span class='ocrx_word' id='word_1_545' title='bbox 1406 4899 1584 4971; x_wconf 88' lang='lat' dir='ltr'>cessando,</span> <span class='ocrx_word' id='word_1_546' title='bbox 1608 4900 1646 4960; x_wconf 91' lang='lat' dir='ltr'>ut</span> <span class='ocrx_word' id='word_1_547' title='bbox 1669 4900 1750 4961; x_wconf 90' lang='lat' dir='ltr'>dum</span> <span class='ocrx_word' id='word_1_548' title='bbox 1775 4900 1871 4962; x_wconf 90' lang='lat' dir='ltr'>homo</span> 
     </span>
     <span class='ocr_line' id='line_1_49' title="bbox 220 4996 1872 5077; baseline -0.001 -16"><span class='ocrx_word' id='word_1_549' title='bbox 220 5001 272 5062; x_wconf 88' lang='lat' dir='ltr'>ter</span> <span class='ocrx_word' id='word_1_550' title='bbox 282 5001 385 5060; x_wconf 85' lang='lat' dir='ltr'>heum</span> <span class='ocrx_word' id='word_1_551' title='bbox 398 4999 431 5059; x_wconf 93' lang='lat' dir='ltr'>et</span> <span class='ocrx_word' id='word_1_552' title='bbox 442 4996 605 5058; x_wconf 88' lang='lat' dir='ltr'>homines.</span> <span class='ocrx_word' id='word_1_553' title='bbox 617 4996 916 5062; x_wconf 88' lang='lat' dir='ltr'>Ideotalesdebeni</span> <span class='ocrx_word' id='word_1_554' title='bbox 929 5017 1016 5077; x_wconf 88' lang='lat' dir='ltr'>esse,</span> <span class='ocrx_word' id='word_1_555' title='bbox 1072 5016 1210 5064; x_wconf 88' lang='lat' dir='ltr'>securus</span> <span class='ocrx_word' id='word_1_556' title='bbox 1229 4999 1390 5070; x_wconf 86' lang='lat' dir='ltr'>redditur,</span> <span class='ocrx_word' id='word_1_557' title='bbox 1409 4997 1543 5059; x_wconf 81' lang='lat' dir='ltr'>facilius</span> <span class='ocrx_word' id='word_1_558' title='bbox 1558 4996 1713 5058; x_wconf 87' lang='lat' dir='ltr'>laedatur.</span> <span class='ocrx_word' id='word_1_559' title='bbox 1731 4998 1826 5059; x_wconf 88' lang='lat' dir='ltr'>Unde</span> <span class='ocrx_word' id='word_1_560' title='bbox 1840 4999 1872 5060; x_wconf 86' lang='lat' dir='ltr'>in</span> 
     </span>
     <span class='ocr_line' id='line_1_50' title="bbox 221 5092 1872 5175; baseline -0.001 -17"><span class='ocrx_word' id='word_1_561' title='bbox 221 5098 258 5159; x_wconf 89' lang='lat' dir='ltr'>ut</span> <span class='ocrx_word' id='word_1_562' title='bbox 271 5096 338 5158; x_wconf 87' lang='lat' dir='ltr'>sint</span> <span class='ocrx_word' id='word_1_563' title='bbox 349 5094 436 5173; x_wconf 87' lang='lat' dir='ltr'>graii</span> <span class='ocrx_word' id='word_1_564' title='bbox 449 5097 517 5156; x_wconf 87' lang='lat' dir='ltr'>Deo</span> <span class='ocrx_word' id='word_1_565' title='bbox 531 5094 564 5155; x_wconf 90' lang='lat' dir='ltr'>et</span> <span class='ocrx_word' id='word_1_566' title='bbox 576 5094 704 5173; x_wconf 89' lang='lat' dir='ltr'>accepti</span> <span class='ocrx_word' id='word_1_567' title='bbox 716 5094 922 5160; x_wconf 87' lang='lat' dir='ltr'>hominibus.</span> <span class='ocrx_word' id='word_1_568' title='bbox 1071 5098 1252 5175; x_wconf 84' lang='lat' dir='ltr'>Evangelio</span> <span class='ocrx_word' id='word_1_569' title='bbox 1266 5095 1398 5167; x_wconf 89' lang='lat' dir='ltr'>dicitur,</span> <span class='ocrx_word' id='word_1_570' title='bbox 1415 5094 1500 5172; x_wconf 92' lang='lat' dir='ltr'>quod</span> <span class='ocrx_word' id='word_1_571' title='bbox 1524 5092 1677 5155; x_wconf 85' lang='lat' dir='ltr'>diabolus</span> <span class='ocrx_word' id='word_1_572' title='bbox 1700 5097 1872 5158; x_wconf 87' lang='lat' dir='ltr'>recessita</span> 
     </span>
    </p>

    <p class='ocr_par' dir='ltr' id='par_1_4' title="bbox 260 5191 1966 5273">
     <span class='ocr_line' id='line_1_51' title="bbox 260 5191 1966 5273; baseline -0.002 -16"><span class='ocrx_word' id='word_1_573' title='bbox 260 5195 307 5257; x_wconf 80' lang='lat' dir='ltr'>nt</span> <span class='ocrx_word' id='word_1_574' title='bbox 317 5209 397 5256; x_wconf 85' lang='lat' dir='ltr'>cum</span> <span class='ocrx_word' id='word_1_575' title='bbox 410 5191 566 5267; x_wconf 81' lang='lat' dir='ltr'>ejecisset</span> <span class='ocrx_word' id='word_1_576' title='bbox 583 5194 804 5267; x_wconf 60' lang='lat' dir='ltr'>meantem,</span> <span class='ocrx_word' id='word_1_577' title='bbox 817 5195 949 5257; x_wconf 82' lang='lat' dir='ltr'>locatus</span> <span class='ocrx_word' id='word_1_578' title='bbox 966 5200 1018 5259; x_wconf 84' lang='lat' dir='ltr'>est</span> <span class='ocrx_word' id='word_1_579' title='bbox 1072 5196 1202 5259; x_wconf 86' lang='lat' dir='ltr'>Christo</span> <span class='ocrx_word' id='word_1_580' title='bbox 1217 5194 1291 5273; x_wconf 88' lang='lat' dir='ltr'>post</span> <span class='ocrx_word' id='word_1_581' title='bbox 1307 5192 1525 5256; x_wconf 86' lang='lat' dir='ltr'>tentationem</span> <span class='ocrx_word' id='word_1_582' title='bbox 1539 5206 1646 5269; x_wconf 90' lang='lat' dir='ltr'>usque</span> <span class='ocrx_word' id='word_1_583' title='bbox 1670 5191 1714 5253; x_wconf 88' lang='lat' dir='ltr'>ad</span> <span class='ocrx_word' id='word_1_584' title='bbox 1733 5192 1872 5271; x_wconf 85' lang='lat' dir='ltr'>tempus.</span> <span class='ocrx_word' id='word_1_585' title='bbox 1965 5230 1966 5239; x_wconf 70' lang='lat'>.</span> 
     </span>
    </p>

    <p class='ocr_par' dir='ltr' id='par_1_5' title="bbox 220 5287 1966 5665">
     <span class='ocr_line' id='line_1_52' title="bbox 220 5287 1966 5368; baseline -0.002 -13"><span class='ocrx_word' id='word_1_586' title='bbox 220 5292 349 5365; x_wconf 75' lang='lat' dir='ltr'>mutim,</span> <span class='ocrx_word' id='word_1_587' title='bbox 366 5291 400 5353; x_wconf 88' lang='lat' dir='ltr'>et</span> <span class='ocrx_word' id='word_1_588' title='bbox 413 5288 599 5352; x_wconf 73' lang='lat' dir='ltr'>admiratae</span> <span class='ocrx_word' id='word_1_589' title='bbox 615 5288 696 5349; x_wconf 82' lang='lat' dir='ltr'>suni</span> <span class='ocrx_word' id='word_1_590' title='bbox 720 5289 840 5352; x_wconf 77' lang='lat' dir='ltr'>turbe.</span> <span class='ocrx_word' id='word_1_591' title='bbox 865 5293 1017 5363; x_wconf 89' lang='lat' dir='ltr'>Quotidie</span> <span class='ocrx_word' id='word_1_592' title='bbox 1072 5296 1165 5357; x_wconf 87' lang='lat' dir='ltr'>sicut</span> <span class='ocrx_word' id='word_1_593' title='bbox 1189 5292 1299 5355; x_wconf 91' lang='lat' dir='ltr'>autem</span> <span class='ocrx_word' id='word_1_594' title='bbox 1321 5290 1399 5352; x_wconf 90' lang='lat' dir='ltr'>sunt</span> <span class='ocrx_word' id='word_1_595' title='bbox 1417 5288 1584 5368; x_wconf 89' lang='lat' dir='ltr'>principes</span> <span class='ocrx_word' id='word_1_596' title='bbox 1608 5288 1644 5349; x_wconf 91' lang='lat' dir='ltr'>in</span> <span class='ocrx_word' id='word_1_597' title='bbox 1667 5287 1871 5364; x_wconf 83' lang='lat' dir='ltr'>hominibus,</span> <span class='ocrx_word' id='word_1_598' title='bbox 1965 5294 1966 5363; x_wconf 75' lang='lat' dir='ltr'>l</span> 
     </span>
     <span class='ocr_line' id='line_1_53' title="bbox 221 5385 1873 5469; baseline 0.001 -19"><span class='ocrx_word' id='word_1_599' title='bbox 221 5389 380 5451; x_wconf 85' lang='lat' dir='ltr'>Dominus</span> <span class='ocrx_word' id='word_1_600' title='bbox 395 5386 488 5466; x_wconf 82' lang='lat' dir='ltr'>ejicit</span> <span class='ocrx_word' id='word_1_601' title='bbox 499 5385 675 5458; x_wconf 85' lang='lat' dir='ltr'>daemonia,</span> <span class='ocrx_word' id='word_1_602' title='bbox 688 5386 766 5465; x_wconf 90' lang='lat' dir='ltr'>quia</span> <span class='ocrx_word' id='word_1_603' title='bbox 781 5388 927 5465; x_wconf 90' lang='lat' dir='ltr'>quotidie</span> <span class='ocrx_word' id='word_1_604' title='bbox 939 5406 1018 5469; x_wconf 88' lang='lat' dir='ltr'>peo-</span> <span class='ocrx_word' id='word_1_605' title='bbox 1071 5392 1118 5454; x_wconf 90' lang='lat' dir='ltr'>ita</span> <span class='ocrx_word' id='word_1_606' title='bbox 1139 5390 1240 5454; x_wconf 89' lang='lat' dir='ltr'>etiam</span> <span class='ocrx_word' id='word_1_607' title='bbox 1264 5388 1394 5451; x_wconf 89' lang='lat' dir='ltr'>suntin</span> <span class='ocrx_word' id='word_1_608' title='bbox 1418 5385 1636 5459; x_wconf 75' lang='lat' dir='ltr'>demonibus,</span> <span class='ocrx_word' id='word_1_609' title='bbox 1660 5386 1719 5465; x_wconf 89' lang='lat' dir='ltr'>qui</span> <span class='ocrx_word' id='word_1_610' title='bbox 1740 5387 1873 5451; x_wconf 89' lang='lat' dir='ltr'>mittunt</span> 
     </span>
     <span class='ocr_line' id='line_1_54' title="bbox 222 5482 1869 5563; baseline 0.001 -16"><span class='ocrx_word' id='word_1_611' title='bbox 222 5486 351 5547; x_wconf 76' lang='lat' dir='ltr'>catores</span> <span class='ocrx_word' id='word_1_612' title='bbox 365 5483 528 5547; x_wconf 85' lang='lat' dir='ltr'>convertit</span> <span class='ocrx_word' id='word_1_613' title='bbox 541 5483 583 5544; x_wconf 92' lang='lat' dir='ltr'>ad</span> <span class='ocrx_word' id='word_1_614' title='bbox 608 5482 836 5561; x_wconf 89' lang='lat' dir='ltr'>poenitentiam</span> <span class='ocrx_word' id='word_1_615' title='bbox 858 5500 918 5547; x_wconf 90' lang='lat' dir='ltr'>sen</span> <span class='ocrx_word' id='word_1_616' title='bbox 938 5503 1018 5563; x_wconf 88' lang='lat' dir='ltr'>gra-</span> <span class='ocrx_word' id='word_1_617' title='bbox 1071 5490 1239 5551; x_wconf 87' lang='lat' dir='ltr'>daemones</span> <span class='ocrx_word' id='word_1_618' title='bbox 1263 5486 1412 5549; x_wconf 91' lang='lat' dir='ltr'>subditos</span> <span class='ocrx_word' id='word_1_619' title='bbox 1437 5484 1472 5546; x_wconf 90' lang='lat' dir='ltr'>in</span> <span class='ocrx_word' id='word_1_620' title='bbox 1502 5483 1675 5547; x_wconf 80' lang='lat' dir='ltr'>laesionem</span> <span class='ocrx_word' id='word_1_621' title='bbox 1707 5484 1869 5548; x_wconf 77' lang='lat' dir='ltr'>nostrum.</span> 
     </span>
     <span class='ocr_line' id='line_1_55' title="bbox 222 5578 1966 5665; baseline 0.001 -22"><span class='ocrx_word' id='word_1_622' title='bbox 222 5580 315 5643; x_wconf 78' lang='lat' dir='ltr'>tiam</span> <span class='ocrx_word' id='word_1_623' title='bbox 330 5580 519 5643; x_wconf 81' lang='lat' dir='ltr'>Tuncenim</span> <span class='ocrx_word' id='word_1_624' title='bbox 533 5579 680 5660; x_wconf 88' lang='lat' dir='ltr'>loquitur</span> <span class='ocrx_word' id='word_1_625' title='bbox 693 5578 958 5661; x_wconf 87' lang='lat' dir='ltr'>mutus,quando</span> <span class='ocrx_word' id='word_1_626' title='bbox 974 5585 1016 5646; x_wconf 87' lang='lat' dir='ltr'>ad</span> <span class='ocrx_word' id='word_1_627' title='bbox 1072 5584 1123 5649; x_wconf 88' lang='lat' dir='ltr'>llll</span> <span class='ocrx_word' id='word_1_628' title='bbox 1139 5586 1195 5665; x_wconf 90' lang='lat' dir='ltr'>qui</span> <span class='ocrx_word' id='word_1_629' title='bbox 1211 5582 1364 5650; x_wconf 91' lang='lat' dir='ltr'>dicebant</span> <span class='ocrx_word' id='word_1_630' title='bbox 1378 5582 1464 5663; x_wconf 92' lang='lat' dir='ltr'>quod</span> <span class='ocrx_word' id='word_1_631' title='bbox 1482 5580 1793 5659; x_wconf 73' lang='lat' dir='ltr'>bominusetioeret</span> <span class='ocrx_word' id='word_1_632' title='bbox 1806 5582 1874 5645; x_wconf 78' lang='lat' dir='ltr'>de·</span> <span class='ocrx_word' id='word_1_633' title='bbox 1965 5582 1966 5587; x_wconf 76' lang='grc'>’</span> 
     </span>
    </p>
   </div>
   <div class='ocr_carea' id='block_1_3' title="bbox 0 0 1980 6184">
    <p class='ocr_par' dir='ltr' id='par_1_6' title="bbox 0 0 1980 6184">
     <span class='ocr_line' id='line_1_56' title="bbox 0 0 1980 6184; baseline 0 0"><span class='ocrx_word' id='word_1_634' title='bbox 0 0 1980 6184; x_wconf 95' lang='lat' dir='ltr'> </span> 
     </span>
    </p>
   </div>
  </div>
 </body>
</html>
