3936 6192
77 317 127 382 lu
716 292 841 376 nunna
861 307 1073 375 osssouu.
1662 325 1724 384 442

78 478 130 541 siae
142 476 175 537 in
185 472 297 550 aliquo
307 470 483 535 rebellare.
492 472 572 535 item
582 470 668 533 nulli
678 472 865 535 statuentur
919 472 1103 536 calaritani
1122 472 1193 536 sive
1203 472 1384 551 iudicatus,
1400 491 1499 553 quam
1513 476 1616 556 sigilli
1640 497 1720 560 pro-

76 573 114 637 ad
130 568 310 633 custodiam
334 568 519 631 castrorum
539 568 593 630 vel
614 568 742 631 arcium
758 568 865 646 ipsius
919 572 985 649 prii
997 571 1191 633 munimime
1204 570 1406 636 roboratum.

76 667 177 747 regni,
190 666 261 728 sire
272 666 444 744 judicatus
457 664 651 739 calaritani,
665 665 745 744 quin
758 667 865 744 primo
958 668 1721 751 Actumininierioricamerapalatiirenerabi·

73 766 188 846 J'urent,
202 764 375 837 bonorem,
385 763 572 827 libertatem
584 764 618 825 et
625 767 705 842 Jura
717 764 866 842 eJusdem
920 766 962 828 lis
977 766 1082 843 patris
1085 809 1159 827 ......
1174 767 1419 847 archiepiscopi
1428 772 1621 845 calaritani,
1633 775 1720 854 apud

77 863 222 928 i'cclesiae
237 877 300 938 per
318 862 431 924 omnia
454 863 487 924 et
504 861 541 923 in
555 861 709 924 omnibus
722 862 820 924 firma
834 861 868 923 et
920 864 1035 927 villam
1049 863 1180 925 sanctae
1194 864 1348 939 Caeciliae,
1366 869 1587 944 praesentibus
1600 875 1722 952 magis·

77 961 196 1024 illibata
209 959 299 1021 bona
315 959 379 1021 tide
391 960 425 1021 et
439 959 511 1020 sine
524 959 642 1021 fraude
656 975 803 1022 servare.
811 961 868 1021 In·
920 962 1138 1042 troponanne
1151 962 1327 1038 praeposito
1340 964 1605 1043 Foripopulensi,
1621 986 1720 1048 pres-

72 1070 169 1137 'super
194 1058 320 1127 autem,
349 1058 387 1119 ut
404 1057 477 1119 haec
502 1057 616 1119 omnia
640 1058 677 1118 in
698 1057 867 1135 posterum
920 1059 1037 1138 hytero
1051 1058 1273 1132 Benevenut0,
1287 1060 1416 1123 rectore
1435 1065 1590 1129 ecclesiae
1608 1070 1722 1132 Sancti

78 1158 164 1218 tlrma
178 1140 407 1232 permaneant,
425 1154 535 1232 obligo
549 1170 614 1229 me,
634 1171 791 1233 meosque
807 1155 870 1217 he·
922 1158 1097 1221 Michaelis
1122 1156 1422 1220 Lambertatiorum
1445 1163 1719 1241 Bononiensium,

78 1253 164 1316 redes
180 1253 221 1314 ad
239 1268 375 1329 poenam
396 1252 509 1314 decem
526 1252 669 1314 millium
680 1268 869 1315 marcarum
923 1256 1084 1334 magistro
1096 1255 1286 1328 Benedicto,
1309 1257 1444 1320 (tortose
1453 1258 1576 1324 clerico
1595 1262 1722 1325 domini

79 1349 210 1427 argenti,
220 1351 249 1411 si
262 1352 381 1413 contra
391 1348 622 1427 praedicta,vel
632 1351 766 1429 aliquod
781 1365 871 1428 prae-
924 1354 1083 1433 Raynerii
1095 1356 1225 1419 Sanctae
1240 1359 1368 1431 Mariae,
1378 1356 1511 1420 diaconi
1524 1361 1719 1437 cardinalia,

78 1448 229 1511 dictorum
243 1463 307 1525 per
316 1465 369 1509 me
382 1448 436 1510 vel
450 1464 543 1510 meos
556 1447 709 1521 heredes,
724 1448 795 1510 sive
810 1463 872 1526 per
924 1451 1092 1514 nobilibus
1117 1451 1200 1513 viris
1223 1454 1407 1528 Boniiacio,
1429 1470 1589 1531 germano
1616 1457 1721 1536 ipsius

79 1545 214 1623 aliquam
229 1545 431 1615 submissam
444 1546 791 1624 personam‚tempcre
805 1546 872 1608 ali·
925 1549 1051 1611 domini
1066 1549 1239 1613 Gottiiredi
1264 1551 1367 1628 legati
1394 1552 1560 1617 Sardiniae
1585 1555 1619 1617 ct
1642 1558 1724 1618 Cor-

80 1644 265 1721 quovenire
294 1642 440 1706 tentabo.
463 1645 503 1706 Et
523 1660 621 1721 poena
648 1645 757 1706 soluta
782 1643 871 1706 idem
925 1649 1020 1722 sicae,
1045 1649 1079 1710 et
1104 1649 1295 1726 Raynuccio
1325 1650 1543 1725 Fortiguerra
1571 1652 1721 1715 Urbeve·

80 1741 229 1816 scriptum
251 1740 386 1818 plenam
406 1740 554 1805 obtineat
577 1742 778 1805 firmitatem.
799 1745 869 1804 Ve-
924 1745 1015 1819 tono,
1040 1746 1211 1809 militibus.
1232 1749 1334 1807 Anno·
1354 1747 1487 1808 Domini
1503 1748 1609 1810 nostri
1638 1752 1720 1812 mil-

79 1853 145 1899 mm
158 1838 198 1899 ad
209 1841 372 1917 majorem
385 1838 574 1901 firmitatem
584 1840 690 1916 ipsius
700 1839 868 1914 Ecclesiae,
924 1845 1042 1907 lesimo
1069 1844 1295 1907 ducentesimo
1321 1844 1483 1920 vigesimo
1509 1846 1639 1922 quarto,
1667 1849 1723 1909 in-

78 1937 234 2012 corporali
248 1952 270 1998 a
283 1954 337 1998 me
350 1937 542 2014 juramento
559 1938 721 2015 praestito,
734 1938 775 2000 de
788 1954 871 2015 prae·
923 1943 1069 2006 dictione
1099 1942 1309 2016 duodecima,
1336 1944 1357 2004 3
1382 1956 1487 2004 nonas
1513 1944 1719 2016 Decembris,

80 2033 167 2095 dictis
181 2034 336 2096 omnibus
352 2033 578 2109 observandis,
594 2052 743 2113 praesens
758 2035 869 2113 scrip-
924 2040 1134 2119 pontificatus
1151 2040 1277 2103 domini
1295 2040 1435 2102 Honorii
1455 2043 1554 2119 Papae
1569 2044 1616 2104 ill
1631 2058 1720 2106 anno

79 2131 141 2192 tum
162 2130 228 2194 ieci
247 2131 370 2195 exinde
390 2132 465 2195 deri
486 2134 554 2196 tam
576 2133 676 2195 bullae
694 2134 791 2211 regni
804 2132 871 2197 mei
924 2154 1024 2203 nono.

881 2512 922 2602 11

414 2745 693 2812 admoturus.
715 2743 854 2805 MEDII
872 2742 980 2815 AEVJ,
1005 2743 1040 2804 T.
1069 2743 1105 2815 V,
1128 2744 1324 2806 DISSERT.
1346 2744 1387 2806 69

118 3026 273 3089 Romanae
299 3025 457 3087 Ecclesiae
483 3026 591 3118 qualis
616 3027 804 3105 quantaque
828 3026 872 3090 sit
925 3027 976 3088 tas
991 3028 1217 3090 Romanorum
1236 3026 1434 3091 Pontificum
1453 2996 1622 3105 debemus,
1638 3046 1723 3095 auo-

82 3124 278 3202 temporibus
286 3124 585 3202 nostrisopulentia
595 3125 692 3202 atque
699 3125 869 3204 majestas,
924 3124 1053 3199 toritas,
1066 3124 1123 3187 sed
1141 3126 1242 3187 etiam
1255 3125 1463 3188 ethnicorum
1486 3127 1636 3204 ipsorum
1650 3131 1723 3192 tes-

84 3223 196 3284 norunt
209 3237 342 3297 omnes3
359 3221 468 3298 qualis
487 3221 597 3284 autem
619 3222 750 3284 saeculis
772 3222 870 3284 rudi·
924 3221 1074 3295 tilicatio,
1100 3238 1199 3299 quam
1222 3236 1267 3282 ne
1292 3222 1365 3298 ipse
1387 3223 1519 3300 quidem
1543 3223 1725 3288 cardinalis

85 3316 150 3391 bus,
163 3319 279 3397 etpost
294 3318 551 3381 declinationem
569 3319 702 3397 imperii
717 3320 869 3392 Romani,
925 3318 1089 3380 Duronius
1096 3318 1300 3381 reticendam
1308 3318 1448 3381 censuit.
1455 3321 1727 3385 Narratlimmia·

84 3413 115 3475 id
142 3415 269 3493 quidem
301 3432 367 3478 non
395 3416 549 3478 omnibus
576 3416 785 3495 exploratum
809 3416 870 3478 est.
918 3414 1727 3505 ‚nusMarcellinuslih.XXVII,cnp.3,turbasR0·

85 3513 252 3590 Propterea
272 3514 312 3574 in
331 3514 494 3592 eJusmodi
515 3513 615 3592 plane
637 3513 748 3575 nobile
767 3528 872 3590 argu-
927 3514 1173 3586 mae,ann0367,
1188 3512 1349 3575 excitatas
1362 3512 1397 3575 in
1410 3514 1572 3578 electione
1585 3519 1727 3581 Romani

86 3610 219 3672 mentum
239 3611 368 3688 aliquid
388 3610 530 3683 adferre,
545 3626 634 3672 nunc
644 3611 750 3688 juvat,
766 3612 804 3673 ut
816 3610 872 3688 qui
928 3608 1110 3679 pontificis,
1124 3610 1240 3673 divisis
1256 3611 1368 3690 populi
1391 3613 1477 3675 rotis
1498 3613 1588 3676 inter
1600 3617 1726 3680 Dama-

85 3705 289 3771 internostra
301 3708 483 3786 etantiqua
503 3709 627 3771 saecula
647 3708 872 3786 comparatio·
927 3724 1000 3769 sum
1015 3707 1322 3785 atqueUrsicinum.
1341 3712 1424 3772 Tum
1435 3711 1546 3775 subdit
1559 3734 1567 3773 t
1581 3714 1727 3793 «Neque

87 3817 152 3865 nem
178 3806 325 3883 aliquam
348 3805 522 3869 instituere
549 3806 651 3879 velit,
679 3805 811 3868 facilius
837 3805 872 3866 in
927 3822 988 3882 ego
1003 3805 1130 3880 abnuo,
1154 3806 1408 3871 ostentationem
1431 3825 1544 3872 rerum
1566 3814 1726 3876 conside-

87 3901 239 3975 posterum
253 3903 371 3981 possit.
387 3904 536 3965 Primum
557 3919 638 3980 ergo
652 3902 735 3965 illud
751 3902 871 3972 statuo,
926 3919 1006 3965 rans
1017 3903 1233 3978 urbanarum,
1246 3901 1347 3983 hujus
1359 3906 1410 3969 rei
1420 3908 1556 3985 cupidos
1567 3909 1608 3970 ob
1620 3910 1729 3988 impe-

89 4011 177 4073 quum
187 4001 532 4063 RomanaEcclesiaa
557 4002 609 4062 sui
624 4000 753 4078 origine
775 4001 872 4079 prin·
927 4002 1081 4064 trandum
1104 4003 1191 4079 quod
1212 4003 1386 4081 appetunt,
1403 4005 1493 4066 omni
1515 4006 1727 4071 contentione

89 4093 183 4170 cipsm
195 4097 307 4160 locum
319 4098 408 4160 inter
422 4097 562 4172 ceteras,
577 4099 645 4160 imo
660 4098 694 4161 et
705 4114 805 4176 supra
817 4113 875 4160 ce-
928 4099 1069 4161 laterum
1084 4098 1216 4177 jurgari
1236 4098 1356 4161 debere
1381 4122 1388 4160 :
1413 4118 1513 4178 quum
1536 4103 1571 4165 id
1598 4105 1724 4183 adepti,

89 4190 167 4255 teras
179 4194 334 4268 tenuerit,
347 4198 419 4273 eJus
429 4196 530 4258 etiam
542 4195 696 4272 dignitati
708 4195 874 4258 fortunam
927 4197 1030 4258 futuri
1045 4196 1173 4258 sintita
1190 4196 1310 4269 securi,
1326 4197 1364 4258 ut
1377 4196 1523 4261 ditentur
1543 4200 1725 4264 oblationi-

95 4302 128 4349 ac
144 4292 306 4354 redituum
321 4293 451 4370 copiam
471 4309 514 4355 ex
536 4293 702 4355 oblatione
727 4293 875 4354 fidelium
928 4292 991 4354 hus
1017 4292 1262 4365 matronarum,
1292 4294 1537 4372 procedantque
1561 4299 1727 4361 vehiculis

92 4387 256 4460 proiectam
286 4404 418 4468 semper
449 4390 672 4468 respondisse.
702 4390 875 4468 Praecipue
929 4389 1123 4458 insidentes,
1137 4388 1376 4466 circumspecte
1389 4392 1513 4461 restiti,
1536 4394 1651 4470 epulas
1667 4412 1728 4457 cu-

93 4480 191 4547 tamen
216 4488 335 4565 opibus
369 4488 467 4550 aucta
501 4489 571 4562 est,
601 4504 703 4567 quum
732 4488 875 4566 primum
928 4487 1042 4550 rantes
1070 4485 1233 4566 profusas,
1261 4486 1346 4548 adeo
1369 4486 1406 4549 ut
1430 4503 1545 4549 eorum
1573 4492 1726 4555 convivia

94 4576 146 4638 sub
164 4581 378 4646 Constantino
400 4586 522 4661 Magno
540 4584 684 4661 religoni
706 4599 773 4662 pax
793 4583 875 4645 red-
929 4585 1060 4663 regales
1082 4583 1240 4662 superent
1261 4596 1405 4645 mensas.
1431 4587 1543 4648 »Haec
1566 4588 1726 4654 Ethnicus

94 4672 163 4750 dita,
182 4681 215 4742 et
236 4681 374 4745 libertas
397 4682 508 4760 palam
529 4682 608 4743 data
631 4682 692 4747 est,
705 4682 791 4744 Nam
812 4681 876 4744 etsi
930 4684 1084 4761 scriptor,
1106 4682 1161 4743 cui
1183 4682 1323 4744 alterum
1347 4682 1479 4757 adiano,
1502 4701 1620 4765 nempe
1634 4690 1729 4753 Prae-

95 4775 316 4852 amplissimam
326 4780 422 4840 illam
432 4780 640 4843 Constantini
650 4779 873 4852 donationem,
929 4782 1092 4844 tentatum
1107 4780 1277 4842 consulem
1298 4780 1518 4858 designatum,
1533 4785 1590 4862 qui
1609 4785 1727 4851 iisdem

95 4883 157 4945 que
168 4875 244 4937 olim
253 4875 561 4949 circumferebatur,
571 4892 659 4938 nuno
671 4876 876 4939 eruditorum
929 4878 1133 4957 temporibus
1148 4881 1261 4940 Romae
1274 4877 1370 4941 vixit.
1385 4881 1465 4942 Haeo
1488 4881 1529 4944 de
1550 4883 1610 4946 illo
1629 4901 1729 4949 sanc·

96 4979 179 5032 remo
192 4974 418 5051 amplectatur,
434 4975 503 5036 imo
516 4975 655 5053 quisque
676 4974 875 5037 commenti-
929 4977 1265 5054 tusHieronymus,in
1276 4976 1416 5052 epistola
1428 4982 1725 5058 nuuc38,olim61,

96 5060 165 5127 fiam
185 5071 358 5145 agnoscat,
381 5072 487 5134 nihilo
507 5072 619 5134 tamen
641 5072 751 5134 secius
777 5071 875 5134 fateri
930 5075 972 5137 ad
986 5074 1236 5136 Pammachium
1251 5072 1409 5136 adversus
1421 5091 1553 5139 errores
1565 5079 1728 5142 lobannis

97 5171 195 5225 omnes
208 5169 368 5244 cogimur,
382 5170 634 5232 Constantinum
647 5184 775 5230 summa
788 5168 875 5231 libe-
929 5172 1224 5250 Hierosolymatini
1247 5192 1255 5233 ε
1277 5188 1298 5232 s
1319 5176 1433 5235 Homo
1461 5179 1669 5253 sacrilegas,
1694 5179 1729 5240 et

96 5257 212 5324 ralitate
239 5267 400 5338 certasse,
424 5267 461 5329 ut
484 5269 667 5329 Romanam
692 5267 876 5329 Ecclesiam
930 5274 1100 5334 idolorum
1109 5270 1231 5340 cultor,
1240 5270 1369 5333 solebat
1381 5273 1502 5333 ludens
1512 5273 1610 5334 beato
1619 5278 1729 5348 Papoe

98 5351 217 5421 uberius
231 5361 330 5424 etiam
344 5379 443 5440 quam
462 5364 609 5441 reliquas
624 5363 759 5426 ornaret
776 5363 876 5442 atque
930 5372 1081 5431 Damaso
1098 5367 1433 5456 circumamictae
1451 5369 1610 5432 Romanae
1634 5370 1727 5431 urbis

98 5447 211 5518 ditaret.
225 5460 261 5520 ln
273 5474 346 5521 eam
361 5461 559 5524 sententiam
574 5476 635 5523 nos
650 5461 799 5539 perducit
808 5477 875 5524 non
929 5466 1139 5544 episcopum,
1159 5464 1194 5527 et
1215 5479 1273 5526 ero
1295 5464 1447 5542 protinus
1472 5464 1685 5529 christianus.
1709 5485 1729 5529 s

98 5546 191 5613 solum
213 5557 380 5620 anastasii
406 5558 675 5627 Bibliothsoarii,
702 5558 773 5621 sire
801 5558 877 5638 qui-
931 5563 1097 5626 invidiose
1117 5560 1250 5641 quidem
1270 5559 1344 5623 baec
1365 5576 1386 5622 a
1406 5559 1573 5638 depressis
1588 5566 1729 5641 paganis

99 5656 222 5725 cumque
235 5653 264 5715 is
278 5655 331 5728 sit,
346 5655 568 5734 antiquissimi
582 5655 739 5727 auctoris,
755 5657 809 5718 cui
823 5655 877 5719 vi·
929 5663 1008 5723 tuno
1022 5659 1121 5722 diota.
1140 5656 1202 5721 Sed
1227 5657 1327 5719 simul
1349 5657 1402 5720 sat
1414 5657 1568 5737 produnt,
1585 5661 1641 5739 qui
1659 5664 1729 5727 tum
