3960 6188
213 316 273 379 931
679 319 855 382 HONORII
877 320 922 381 ΙΙΙ
943 319 1093 381 OPERA.
1111 350 1149 364 —
1165 322 1398 385 SERMONES.
1804 326 1867 387 tid?

213 476 347 553 dignior
360 480 393 539 et
406 477 606 540 eminentior
619 478 740 540 caetero
759 479 941 541 sacerdotis
956 496 1013 541 or-
1065 481 1177 542 ribusl
1202 482 1266 543 Sed
1292 481 1375 560 proli
1389 481 1509 559 pudor!
1526 482 1677 544 Christus
1704 480 1867 556 ascendit,

213 577 305 637 natu.
330 577 424 636 Hanc
447 575 535 636 enim
562 577 717 636 Summus
738 576 893 638 Pontifex
913 579 1011 639 lesus
1067 579 1123 640 sed
1152 594 1213 665 nos
1232 579 1474 641 descendimus.
1496 580 1647 640 Christus
1662 580 1789 658 bajulis
1804 597 1870 640 nu-
1966 634 1967 637 ,

213 672 375 745 Christus,
401 672 457 750 qui
480 672 532 735 est
554 674 709 736 sacerdos
724 674 759 734 in
774 676 935 736 aeternum
957 690 1013 735 se·
1066 675 1173 749 bibus,
1189 678 1222 738 et
1236 693 1296 738 nos
1311 676 1523 754 circumsepti
1538 676 1698 739 tenebris.
1714 678 1869 738 Christus
1966 652 1967 739 ἶ

213 771 356 832 cundum
380 771 528 832 ordinem
551 770 806 844 Melchisedech,
823 772 1010 834 evidentis·
1066 773 1106 834 ad
1123 775 1253 846 coetunr,
1270 775 1303 835 et
1326 790 1387 835 nos
1410 773 1671 836 adbarathrum.
1686 776 1773 845 Quia
1788 790 1870 849 ergo
1966 778 1967 853 ξ

213 867 295 929 sime
314 867 409 930 nobis
431 868 593 941 exhibuit,
621 869 698 929 dum
724 884 785 947 pro
799 869 895 931 nobis
910 869 1011 931 homo
1066 870 1123 932 ubi
1149 870 1248 932 luerit
1276 887 1395 948 corpus
1420 871 1490 933 illic
1521 871 1817 948 congregabuntur
1837 874 1870 933 et
1966 870 1967 907 l

212 964 471 1028 iactusmortem
495 966 650 1043 gustavit,
668 982 731 1044 qua
748 966 914 1028 hominem
934 983 1012 1044 per-
1066 968 1199 1045 aquile,
1216 970 1248 1030 et
1263 970 1341 1046 quia
1358 970 1519 1030 tunctam
1532 985 1692 1045 magnum
1707 969 1868 1045 luitgau-

213 1067 346 1125 euntem
369 1064 519 1137 redemit,
538 1064 624 1140 quod
651 1065 740 1126 inter
768 1066 880 1125 omnia
909 1080 1011 1142 opera
1066 1062 1156 1123 dium
1168 1062 1412 1140 Apostolorum,
1430 1063 1516 1140 quod
1528 1079 1638 1124 sermo
1653 1065 1801 1141 nequeat
1814 1080 1869 1125 ex·

210 1160 275 1224 luit
304 1162 485 1238 egregium.
523 1161 617 1223 Unde
658 1163 693 1223 in
735 1162 850 1223 eadem
886 1163 1011 1223 lamina
1066 1161 1202 1237 plicare,
1226 1161 1304 1238 quia
1331 1160 1500 1221 ineffabile
1525 1158 1588 1221 luit
1615 1176 1692 1221 cum
1717 1160 1869 1222 riderent

212 1259 371 1336 scriptum
393 1260 466 1321 erat
488 1258 659 1320 ineffabile
683 1276 803 1321 nomen
824 1259 885 1321 Dei
907 1261 1013 1322 tetra·
1065 1258 1232 1319 Christum
1254 1259 1289 1319 in
1311 1258 1430 1318 coelum
1451 1258 1645 1329 ascendere,
1667 1258 1763 1318 recte
1786 1257 1870 1319 dici·

213 1358 433 1432 grammaton,
454 1356 551 1429 idest,
568 1358 710 1435 quatuor
731 1357 928 1430 litterarum,
945 1358 1013 1419 sci·
1065 1356 1120 1417 tur
1147 1377 1155 1417 ε
1181 1357 1343 1418 Ascendit
1365 1359 1458 1417 bern
1482 1359 1520 1416 in
1540 1356 1763 1428 jactitatione.
1789 1356 1865 1415 Cum

78 1441 79 1445 ’
210 1452 289 1515 licet
302 1457 376 1527 jod,
396 1459 448 1529 be,
463 1469 543 1527 unu,
561 1455 658 1527 belm
674 1454 760 1532 quod
775 1456 1012 1532 interpretatur
1061 1452 1262 1530 iubilatione
1276 1451 1436 1525 ascendit,
1455 1453 1534 1529 quia
1554 1451 1699 1513 elevatis
1713 1452 1867 1512 manibus

206 1553 421 1625 prinicipium
442 1551 524 1612 oitoe
543 1554 717 1625 poemenis
736 1552 817 1625 Iste,
837 1553 884 1612 Ac
908 1551 937 1611 si
959 1550 1012 1611 di·
1065 1549 1234 1612 serebatur
1256 1551 1291 1611 in
1315 1549 1452 1622 coelum,
1478 1550 1512 1612 et
1533 1548 1710 1611 benedixit
1733 1549 1815 1614 illis
1837 1550 1868 1610 et

211 1652 322 1709 cerei:
340 1648 410 1718 ille,
424 1651 519 1724 cujus
534 1648 607 1709 haec
619 1648 736 1724 ligura,
752 1649 801 1709 est
814 1648 908 1709 nobis
923 1648 1013 1726 prin·
1066 1665 1140 1710 cum
1162 1647 1363 1725 jubilatione
1386 1647 1580 1724 angelorum
1602 1647 1661 1724 qui
1682 1647 1867 1708 dixerunt:

210 1745 333 1822 cipium
357 1746 434 1806 vitae
461 1761 521 1822 per
548 1745 748 1821 passionem.
772 1747 881 1807 Vitam
908 1747 1008 1817 enim,
1071 1748 1382 1819 Vtrtemnaetpuid
1394 1746 1497 1807 stetin
1510 1746 1739 1818 respicientes
1754 1749 1869 1805 incoe-

211 1858 311 1919 quam
331 1842 536 1918 perdidimus
550 1857 611 1918 per
621 1842 737 1913 Adam,
752 1842 902 1903 Christus
916 1841 1010 1904 nobis
1064 1845 1191 1904 lumi...
1207 1838 1292 1922 (Act.
1308 1859 1331 1914 1,
1349 1840 1418 1921 ll);
1433 1844 1548 1903 etcum
1557 1840 1869 1918 jubilationeApus·

211 1955 272 2017 per
292 1940 480 2016 passionem
495 1940 717 2016 recuperavit,
740 1940 826 2018 quod
843 1941 962 2000 mirum
978 1940 1011 2002 et
1064 1940 1223 2013 tolonum,
1251 1940 1329 2017 quia
1358 1940 1487 2001 reversi
1513 1941 1591 2000 sunt
1616 1938 1653 1999 in
1678 1939 1866 2001 Jerusalem

209 2037 379 2099 ineffabile
393 2037 477 2098 adeo
492 2038 553 2111 est,
577 2037 613 2099 ut
634 2053 767 2098 sensum
782 2038 925 2099 excellat
946 2037 1011 2098 hu·
1064 2036 1238 2099 laudantes
1250 2040 1284 2099 et
1295 2036 1528 2098 benedicentes
1544 2038 1660 2097 Deum.

209 2151 356 2197 manum.
1105 2137 1211 2207 Quam
1230 2134 1406 2196 manifeste
1429 2133 1588 2201 ascendit,
1619 2132 1769 2195 ostendit
1792 2148 1865 2194 cum

251 2233 341 2306 Quod
366 2233 454 2294 enim
478 2233 647 2294 infirmum
673 2232 724 2296 est
745 2233 804 2294 Dei
826 2232 945 2295 lortius
959 2234 1010 2295 est
1064 2232 1146 2294 dicit
1160 2254 1167 2292 ε
1181 2234 1227 2293 nt
1241 2235 1457 2294 Dorntnruiu
1471 2244 1551 2293 once
1562 2232 1652 2292 teboe
1666 2229 1739 2309 (Ps.
1756 2232 1807 2302 46,
1821 2230 1865 2308 6).
1966 2254 1967 2339 p

179 2350 180 2353 ¹
209 2331 411 2403 hominibus,
428 2333 461 2393 et
473 2331 560 2407 quod
576 2330 711 2394 stultum
729 2332 779 2392 est
790 2330 861 2402 Dei,
876 2331 1010 2408 sapien-
1064 2333 1101 2391 In
1117 2330 1312 2391 ascensione
1322 2329 1444 2389 Christi
1454 2344 1519 2389 non
1532 2327 1774 2404 legituriuisse
1789 2326 1864 2388 tuba

208 2430 276 2490 tius
296 2430 347 2492 est
368 2428 569 2489 bominibus.
591 2428 673 2501 Quid
701 2429 789 2490 enim
821 2427 1009 2490 mirabilius
1064 2427 1142 2499 alia,
1160 2427 1225 2488 nisi
1239 2427 1298 2487 illa
1313 2443 1379 2488 vox
1399 2425 1552 2502 angelica
1573 2441 1649 2502 quae
1661 2424 1772 2486 dixit:
1792 2428 1865 2485 Viri

209 2542 308 2604 quam
332 2527 438 2588 morte
459 2528 607 2587 mortuos
633 2527 796 2587 suscitare
819 2526 878 2587 aut
898 2525 1010 2586 mritl-
1064 2528 1230 2587 Galama..
1251 2527 1325 2586 Vox
1350 2524 1439 2585 enim
1465 2522 1658 2599 angelorum
1672 2522 1867 2600 frequenter

210 2624 333 2685 licarel
349 2640 448 2701 quam
469 2624 571 2697 vinci,
585 2624 618 2685 et
632 2624 666 2684 in
682 2623 745 2685 hoc
759 2624 914 2685 vinceret
929 2624 1008 2693 Quis
1063 2622 1141 2683 tuba
1158 2622 1290 2694 dicitur,
1305 2622 1403 2699 juxta
1418 2621 1500 2682 illud
1518 2620 1737 2698 Apocalypsis
1754 2642 1764 2680 :
1789 2624 1863 2680 An·

210 2720 300 2781 enim
319 2721 428 2795 attigit
442 2720 506 2781 boe
520 2722 700 2781 arcanum?
715 2721 789 2798 quis
809 2736 876 2782 non
896 2720 1008 2781 admi·
1063 2725 1159 2795 petus
1174 2720 1254 2781 tube
1272 2719 1397 2780 cesset
1411 2716 1527 2796 (Apoe.
1542 2732 1616 2788 vm,
1637 2714 1671 2795 7)
1694 2717 1795 2788 idest,
1808 2717 1862 2777 lo·

208 2819 304 2879 ratur
317 2816 381 2877 hoc
402 2816 622 2893 prolundnml
636 2817 793 2879 Ascendit
814 2818 903 2878 enim
918 2817 1010 2880 occi·
1064 2816 1160 2877 cutus
1174 2817 1235 2878 est.
1252 2818 1289 2876 ln
1301 2831 1382 2877 voce
1401 2830 1481 2891 ergo
1499 2814 1599 2887 tubae,
1619 2814 1719 2886 idest,
1731 2815 1769 2874 in
1784 2829 1865 2875 soce
1966 2860 1967 2871 ,

208 2913 316 2976 dendo
334 2912 514 2974 seeundum
531 2913 611 2974 illud
628 2934 636 2974 ε
652 2916 717 2980 ont
735 2914 888 2975 escerrdlt
901 2930 1010 2989 asper
1063 2915 1259 2990 angelorum
1284 2913 1436 2974 Christus
1462 2911 1623 2981 aseendit,
1648 2912 1737 2973 sicut
1757 2912 1866 2988 serip-

207 3026 366 3075 occauum
378 3013 547 3072 Dominus
560 3024 686 3072 nomen
699 3012 751 3072 est
766 3014 799 3073 et
813 3009 882 3089 (Ps.
896 3013 947 3083 67,
961 3009 1007 3090 5).
1063 3013 1133 3075 tum
1154 3012 1226 3073 est:
1254 3015 1405 3085 ecumque
1432 3010 1656 3071 contuerentur
1678 3012 1718 3069 iu
1741 3015 1864 3071 coetum

208 3111 301 3171 Tunc
313 3108 402 3170 enim
415 3123 491 3169 eum
504 3108 681 3168 Dominum
695 3107 767 3170 iore
780 3107 936 3185 princeps
947 3124 1010 3170 no-
1064 3110 1202 3171 euntem
1228 3112 1333 3180 illium,
1359 3122 1436 3169 ecce
1462 3111 1529 3168 duo
1553 3110 1623 3167 virt
1652 3104 1739 3184 (Act.
1763 3122 1788 3178 1,
1812 3106 1862 3185 10)

207 3206 267 3278 uit,
290 3206 326 3268 in
350 3209 445 3283 qu'us
476 3207 582 3267 morte
606 3206 696 3267 vires
722 3221 801 3266 suas
827 3205 1008 3267 adnihilari
1065 3206 1159 3279 idest,
1176 3205 1240 3266 duo
1259 3204 1371 3281 angeli
1394 3204 1429 3265 in
1453 3204 1562 3282 specie
1578 3204 1730 3265 virorum
1744 3204 1862 3264 astite-

209 3303 395 3380 praesensit,
419 3301 505 3363 sicut
525 3317 585 3379 per
607 3305 726 3363 Oseam
747 3301 942 3379 prophetam
957 3301 1010 3362 di·
1064 3305 1143 3366 runt
1163 3303 1261 3381 juxta
1288 3303 1366 3364 illos
1391 3302 1426 3364 in
1454 3300 1601 3363 vestibus
1626 3300 1726 3373 albis,
1752 3302 1809 3378 qui
1832 3303 1863 3361 et

210 3401 254 3463 cit
269 3405 469 3462 :Eromors
482 3401 553 3471 tna,
567 3414 703 3471 encore,
718 3400 751 3461 et
764 3414 903 3462 morum
916 3401 1007 3472 tuns,
1064 3401 1221 3463 dixerunt
1237 3423 1245 3461 z
1260 3402 1333 3461 Viri
1347 3402 1479 3462 Golilaei
1480 3442 1540 3459 .....
1550 3401 1598 3460 De
1611 3398 1675 3459 bac
1689 3398 1772 3460 tuba
1785 3398 1865 3459 dicit

209 3500 379 3572 oloferne
403 3494 513 3576 (Osee,
534 3512 609 3569 ιιιιι,
632 3495 696 3575 14).
722 3497 862 3559 Mortem
886 3498 1008 3575 quippe
1064 3498 1241 3576 Apostolus
1258 3519 1265 3558 :
1282 3502 1361 3573 lpse
1375 3500 1590 3559 Dorninsuiu
1603 3497 1684 3558 tuba
1705 3497 1865 3558 Dciettn

210 3596 243 3657 et
259 3612 335 3657 eum
350 3595 406 3673 qui
422 3594 564 3657 habebat
578 3594 693 3657 mortis
705 3595 893 3671 imperium,
910 3595 1007 3669 idest,
1064 3612 1146 3658 voce
1158 3598 1356 3671 archangeli
1370 3594 1542 3656 &aceedit
1562 3596 1604 3655 de
1617 3599 1703 3656 coelo
1718 3594 1748 3673 (l
1762 3595 1861 3654 Thes.

211 3692 378 3753 diabolum
406 3693 557 3753 cbristus
583 3708 644 3753 sua
670 3693 827 3769 passione
859 3693 1009 3769 peremit,
1064 3708 1112 3764 ιι,
1126 3692 1189 3772 15).
1207 3693 1300 3754 Siout
1313 3692 1401 3754 enim
1418 3691 1497 3752 tuba
1513 3692 1764 3767 congregantur
1777 3691 1866 3751 mili·
1966 3686 1967 3757 ζ

214 3790 248 3850 et
279 3788 446 3849 internum
481 3789 667 3861 momordit,
695 3790 752 3867 qui
786 3790 934 3865 captivos
969 3806 1012 3852 ex
1066 3794 1127 3863 tes,
1143 3791 1191 3854 ita
1202 3790 1361 3852 Dominus
1373 3788 1510 3851 vocibus
1524 3788 1722 3865 angelorum
1730 3804 1865 3849 suorum
1966 3808 1967 3877 3

212 3886 306 3963 parte
329 3884 483 3947 liberavit
510 3901 577 3947 non
604 3902 647 3948 ex
665 3888 745 3958 toto,
759 3889 797 3947 ut
821 3887 907 3963 quod
923 3903 1013 3948 mor-
1066 3890 1102 3950 in
1114 3889 1168 3949 dle
1175 3884 1296 3966 judicii
1310 3886 1525 3963 congregabit
1543 3886 1680 3957 electos,
1697 3887 1754 3964 qui
1769 3885 1864 3946 modo

212 3982 318 4055 detur,
342 3998 408 4043 non
432 3998 475 4044 ex
495 3983 564 4044 toto
584 3983 736 4056 sumitur,
760 3983 818 4044 sed
839 3999 883 4044 ex
905 3990 1010 4061 parte
1067 3985 1207 4064 dispersi
1221 3985 1297 4047 sunt
1311 4000 1370 4062 per
1384 3984 1552 4045 mundum.
1569 3984 1666 4045 Unde
1682 3984 1755 4061 ipse
1771 3983 1865 4044 aitiu

212 4080 385 4142 acmanto
406 4080 530 4141 lamina
545 4080 673 4157 reliquo
693 4080 876 4142 sacerdotis
892 4083 1012 4144 ornatu
1067 4083 1435 4160 EvangeliotMlttetet
1447 4084 1866 4156 Filiusbontiuisunpelos

213 4177 393 4248 eminebat,
423 4177 501 4254 quia
529 4178 701 4239 miseratio
733 4178 794 4241 Dei
827 4181 880 4241 est
912 4195 1013 4257 super
1066 4197 1146 4244 snos
1160 4197 1239 4244 cnm
1254 4181 1334 4242 tubo
1356 4181 1392 4241 et
1412 4194 1494 4242 cece
1511 4194 1654 4256 menne,
1670 4181 1864 4254 etcunpre-

213 4274 325 4337 omnia
344 4289 445 4351 opera
467 4276 550 4351 ejus,
567 4277 662 4352 cujus
680 4275 844 4352 exemplo,
868 4279 904 4339 ut
924 4293 1014 4355 prae-
1066 4281 1194 4357 pabunt
1223 4280 1347 4341 electos
1367 4280 1442 4351 elus
1468 4293 1492 4338 a
1516 4277 1668 4351 quotuor
1694 4276 1819 4347 oenus,
1844 4290 1867 4336 a

214 4372 338 4434 dictum
363 4372 428 4445 est,
453 4372 487 4433 et
511 4387 573 4433 nos
594 4372 636 4433 ad
660 4373 922 4434 misericordiam
946 4391 1013 4437 mo-
1066 4390 1202 4439 summo
1240 4376 1348 4437 terroe
1383 4389 1491 4448 usque
1520 4376 1566 4435 nd
1593 4388 1774 4435 summram
1794 4375 1868 4434 curli

134 4507 140 4517 ·
212 4484 341 4532 nemun.
1068 4472 1199 4555 (Matth.
1216 4488 1311 4544 xxiv,
1325 4469 1390 4551 31).

255 4568 454 4628 Oascensus
468 4564 644 4638 mirabilis,
658 4581 722 4643 quo
741 4556 832 4630 terra
854 4566 959 4631 lemur
977 4569 1013 4630 in
1107 4574 1175 4633 Hos
1203 4571 1346 4648 quatuor
1377 4583 1536 4630 ascensus
1564 4567 1689 4630 christi
1717 4567 1869 4644 designat

215 4662 345 4734 coelum,
362 4662 471 4739 pulvis
495 4662 537 4723 ad
561 4663 733 4727 dexteram
749 4665 870 4738 Patris,
886 4667 920 4728 et
933 4682 1012 4728 sca·
1067 4667 1229 4740 Ezechiel,
1246 4667 1302 4744 qul
1319 4668 1435 4728 namet
1449 4681 1485 4726 se
1498 4665 1623 4726 vidisse
1636 4666 1782 4741 quatuor
1795 4666 1870 4726 ani-

213 4759 337 4821 bellum
356 4759 476 4837 pedum
491 4762 563 4836 ejus
585 4760 671 4822 sedit
691 4759 733 4821 ad
754 4761 926 4824 dexteram
941 4779 1014 4825 ma·
1068 4766 1180 4838 malie,
1197 4780 1336 4842 quorum
1351 4764 1494 4840 primum
1512 4762 1656 4824 habebat
1669 4763 1793 4824 faciem
1807 4762 1869 4823 bo-

211 4857 341 4935 jestatis
356 4859 428 4932 ejus
446 4856 482 4916 in
501 4856 661 4917 excelsisl
686 4859 711 4919 Ο
732 4858 904 4934 ingressus
920 4877 1014 4923 ama·
1068 4864 1178 4935 minis,
1189 4861 1486 4933 secundumvituli,
1497 4860 1633 4921 tertium
1642 4859 1763 4932 leonis,
1774 4874 1869 4938 quar·

214 4954 302 5027 bilis,
319 4968 384 5030 quo
409 4952 529 5013 natura
551 4953 665 5014 nostra
686 4952 851 5016 deexilio
871 4956 957 5020 redit
971 4958 1013 5019 ad
1066 4962 1137 5023 tum
1168 4974 1249 5020 vero
1275 4957 1420 5019 babebat
1454 4956 1708 5018 similitudinem
1733 4957 1865 5033 aqmlae.

217 5051 360 5128 patriam
374 5048 554 5125 propriam,
570 5049 611 5110 de
624 5049 740 5113 umbra
751 5052 867 5114 mortis
879 5055 912 5115 et
926 5055 1015 5117 tene·
1068 5061 1147 5129 Quae
1172 5056 1285 5118 omnia
1304 5054 1452 5132 proiecto
1472 5054 1639 5115 Christum
1667 5053 1867 5129 figurabant

216 5148 287 5210 bris
309 5149 351 5208 ad
378 5146 485 5208 lucem
508 5146 784 5218 inaccessibilem,
804 5149 1014 5214 deductibus
1068 5157 1143 5232 lpse
1155 5168 1298 5230 namque
1313 5153 1364 5213 est
1377 5152 1488 5223 bomo,
1502 5152 1535 5212 et
1543 5150 1681 5222 vitulus,
1700 5152 1735 5213 et
1755 5149 1820 5222 leo,
1836 5152 1869 5211 et
1966 5172 1967 5175 ¹

215 5244 415 5309 turbationis
442 5242 484 5305 ad
517 5246 648 5321 portum
680 5246 958 5325 tranquillitatis!
987 5253 1013 5312 0
1068 5250 1193 5329 aquila.

216 5342 351 5418 requies
373 5340 583 5418 exoptabilis,
600 5358 665 5418 qua
686 5358 766 5405 caru
784 5344 966 5421 requiescit
978 5347 1014 5407 in
1107 5350 1214 5409 Homo
1234 5360 1377 5424 namque
1396 5346 1464 5407 est:
1478 5344 1555 5422 quia
1573 5360 1648 5406 cum
1670 5346 1761 5405 Deus
1780 5344 1868 5405 esset

1965 5346 1967 5419 l

217 5438 337 5516 patria,
361 5454 435 5515 quae
453 5437 627 5501 laborabat
647 5439 682 5500 in
702 5440 770 5501 ria.
792 5443 833 5502 lit
854 5441 942 5505 iacta
963 5445 1015 5506 est
1068 5444 1280 5515 anteomnia,
1294 5443 1391 5515 idest,
1414 5442 1456 5504 ab
1476 5441 1612 5512 aeterno,
1636 5441 1865 5517 qnoniamilla
1966 5440 1967 5515 ξ

218 5533 436 5595 immutabilis
468 5550 542 5610 quae
574 5535 684 5598 iuerat
715 5538 952 5614 corruptibilis,
982 5542 1015 5604 et
1067 5542 1239 5620 generatio
1262 5539 1387 5603 aeterna
1417 5555 1484 5600 non
1513 5537 1613 5599 habet
1638 5538 1786 5610 initium,
1805 5553 1866 5600 nec

221 5642 295 5701 quae
310 5628 457 5690 scatebat
471 5631 649 5704 vermibus,
662 5633 805 5709 refulget
816 5634 932 5711 gloriae
947 5637 1012 5698 llo·
1067 5639 1166 5703 babet
1189 5638 1299 5700 ilnem.
1317 5639 1365 5699 De
1387 5636 1558 5714 quaPater
1581 5634 1630 5695 ait
1646 5634 1688 5695 ad
1713 5634 1835 5696 Filium
1851 5657 1859 5694 :
1966 5650 1967 5695 l
