3960 6188
82 400 147 462 esa
606 391 650 454 nt
672 388 1022 454 Rasnannerrous
1043 388 1207 451 nonius.
1315 368 1321 385 ‘
1677 395 1735 454 osi

85 559 178 621 Aute
197 557 379 630 luciferum
398 555 503 631 corrui
521 553 554 615 te
569 549 720 632 (Pelliti,
736 549 782 630 3).
802 551 886 612 Ante
941 548 981 610 de
997 547 1080 611 nelo
1099 548 1135 611 in
1148 548 1313 627 baptismo
1333 551 1421 612 etin
1442 550 1735 628 transfiguratione

85 654 276 725 luciterum,
291 652 388 721 idest,
401 651 442 712 ab
457 650 643 712 aeiernitate
657 648 841 711 exoccnlta
854 647 887 709 et
941 646 1098 732 clamavit
1114 667 1121 707 ε
1135 651 1203 723 Hic
1216 649 1268 710 est
1288 651 1398 710 littus
1420 665 1518 712 uteus
1540 652 1683 714 dilectus
1699 657 1737 715 iu

87 753 216 815 secreta
236 749 422 828 substantia
444 764 518 811 mea
544 747 646 824 genui
668 747 701 808 te
723 747 886 823 aequalem
940 757 1005 817 otro
1025 744 1666 824 111111111111011111111(1118111111,
1689 748 1735 829 5).

86 854 121 912 et
132 846 450 911 consubstantialem
467 845 570 920 mihi3
586 846 619 907 et
633 844 814 921 peripsum
835 842 887 904 ta·
941 840 1004 900 Hic
1025 840 1076 902 θεῖ
1096 840 1154 902 111θ
1177 842 1302 902 vitulus
1325 844 1507 918 saginatus,
1529 861 1626 922 quem
1650 848 1737 909 Deus

86 949 141 1010 cta
172 947 249 1007 sunt
279 945 401 1016 omnia,
430 943 508 1021 quia
542 943 654 1005 omnia
687 956 747 1018 per
777 941 886 1017 ipsum
922 928 1041 999 Pater
1062 953 1121 1015 pro
1139 939 1332 1001 reversione
1353 939 1431 1001 Filii
1446 942 1578 1019 prodigi
1597 945 1737 1008 mactari

86 1045 175 1107 tacta
203 1043 340 1104 suntet
365 1043 437 1103 sine
465 1041 537 1118 ipso
564 1040 686 1101 iactum
712 1038 763 1099 θεῖ
789 1037 884 1098 nihil.
941 1034 1120 1097 mandavit.

87 1142 212 1206 Factus
227 1141 278 1203 est
291 1140 389 1200 homo
402 1155 461 1216 pro
471 1137 697 1214 redemptione
721 1134 884 1209 hominis;
983 1131 1311 1195 Similitertactusest
1323 1134 1375 1196 leo
1387 1135 1421 1195 in
1433 1139 1740 1213 resurrectionem-

86 1240 123 1301 in
158 1239 225 1299 tine
255 1236 454 1298 soeculorum
484 1234 647 1304 deveniet,
679 1234 714 1294 ut
747 1248 809 1293 nos
832 1231 886 1292 di·
942 1230 1218 1307 cutscriptumest
1233 1232 1739 1323 inApocalypsizlicceuicitieo

85 1335 238 1398 vinitatis
277 1350 347 1396 suae
386 1332 547 1395 tribueret
583 1344 657 1393 esse
701 1329 885 1391 consortes.
951 1329 1097 1390 detribu
1114 1327 1332 1409 imiethpoc.
1348 1347 1379 1402 r,
1397 1329 1442 1410 li).
1456 1334 1523 1393 Leo
1541 1333 1628 1394 enim
1642 1350 1741 1413 aper-

88 1433 183 1496 Unde
197 1431 300 1493 dicit:
323 1430 443 1492 Factus
460 1430 511 1491 θεῖ
530 1428 654 1490 vitulus
670 1428 703 1488 in
719 1427 884 1503 passione.
941 1425 983 1486 tis
1006 1425 1111 1486 oculis
1130 1425 1275 1488 dormire
1291 1427 1422 1489 dicitur.
1439 1429 1639 1509 Redemptor
1659 1451 1741 1496 nos-

84 1530 220 1593 Vitulns
247 1544 390 1605 namque
420 1527 455 1589 in
485 1525 649 1589 sacrificio
673 1517 886 1597 offerebatur,
921 1522 1040 1599 ¹terin
1055 1523 1282 1602 morte‚qnam
1306 1540 1349 1586 ex
1367 1524 1573 1590 humanitate
1590 1532 1737 1608 pertulit,

85 1629 118 1690 et
138 1628 214 1705 ipse
227 1625 346 1688 obtulit
358 1624 570 1702 semetipsum
586 1624 621 1684 in
636 1621 803 1683 sacrificio
818 1623 886 1682 Deo
941 1618 1097 1683 dormivit
1111 1643 1121 1699 3
1158 1622 1215 1683 sed
1249 1637 1293 1684 ex
1328 1622 1502 1686 divinitate
1540 1626 1737 1691 immortalis

86 1724 179 1788 Patri
216 1725 252 1785 in
277 1739 337 1785 ara
368 1722 487 1794 crucis,
516 1722 603 1783 sicut
626 1720 706 1781 dicit
733 1718 884 1781 Paulus:
941 1734 1139 1794 permanens
1170 1719 1332 1796 vigilavit
1362 1720 1455 1782 Unde
1487 1722 1559 1799 ipse
1592 1724 1627 1785 in
1657 1728 1740 1787 Can·

84 1827 203 1887 Homo
229 1822 334 1883 reatus
358 1821 411 1882 est
433 1822 470 1880 in
495 1834 548 1891 eo,
575 1819 609 1881 ei
632 1822 705 1892 ipse
728 1816 886 1892 ltcudomi
941 1815 1007 1878 tico
1026 1816 1371 1890 canticorumzdcce
1388 1832 1450 1895 eoo
1471 1822 1616 1895 dormio,
1632 1825 1740 1886 eteor

84 1936 162 1983 eom
176 1920 379 1983 Aliissimus
394 1914 463 1997 (Ρε.
477 1918 527 1979 86.
546 1914 591 1996 5).
604 1915 761 1977 christus
774 1915 887 1988 sactus
941 1913 1186 1989 uteremuiptiot
1201 1913 1308 1993 (Cant.
1320 1931 1355 1986 v,
1370 1914 1416 1995 2).
1430 1918 1469 1978 Et
1479 1918 1602 1979 Paulus
1617 1941 1624 1980 ε
1640 1924 1740 1983 Mor-

86 2019 137 2080 est
170 2019 334 2079 obediens
361 2029 468 2088 moue
502 2016 546 2074 ed
572 2012 722 2075 mortem
748 2009 884 2090 (Philip.
941 2010 1021 2072 tuus
1033 2011 1085 2074 esi
1094 2026 1141 2073 eoo
1154 2012 1368 2085 detumuere,
1383 2016 1537 2076 sede-tuit
1551 2031 1598 2078 eu
1609 2019 1740 2080 ctrtrrte

86 2129 122 2186 n,
145 2112 192 2193 8).
216 2112 279 2173 Hic
296 2111 346 2173 est
362 2110 451 2172 enim
465 2108 523 2170 ille
535 2109 669 2180 vitulus,
684 2108 725 2169 de
739 2123 804 2185 quo
827 2122 888 2184 per
941 2112 1005 2170 Dei
1018 2107 1126 2188 (Cant.
1143 2125 1176 2181 v,
1187 2106 1234 2187 2).

86 2210 300 2273 Psalmistam
315 2208 436 2271 dicitur
451 2229 459 2268 ε
480 2207 526 2269 ut
535 2207 682 2283 placebit
697 2208 768 2266 Deo
781 2220 887 2278 super
952 2272 956 2281 ,
981 2208 1061 2267 Cum
1074 2207 1186 2284 itaque
1202 2207 1368 2268 nascendo
1381 2206 1488 2271 iactus
1503 2210 1547 2272 sit
1560 2211 1670 2285 homo,
1686 2214 1740 2277 ri-

85 2309 235 2369 uituium
255 2311 435 2375 nodedum,
451 2318 582 2365 corusco
593 2301 887 2378 prodmeutemet
941 2304 1032 2365 tulus
1056 2303 1239 2375 moriendo,
1269 2304 1302 2366 et
1327 2304 1379 2367 leo
1404 2309 1621 2384 resurgendo,
1649 2314 1739 2375 certe

86 2410 235 2482 uupulos
248 2400 319 2480 (Ρε.
331 2403 381 2473 118,
398 2400 463 2480 32).
942 2400 1054 2478 aquila
1082 2401 1189 2463 iactus
1214 2402 1265 2463 est
1296 2402 1331 2463 in
1362 2404 1482 2465 coelum
1515 2407 1736 2472 ascendendo.

124 2501 259 2562 vitulus
272 2500 322 2561 est
337 2498 487 2561 Christus
502 2496 625 2571 dictus;
643 2494 721 2573 quia
736 2494 822 2556 sient
835 2494 888 2555 vi·
943 2499 1036 2560 Unde
1057 2499 1118 2560 Job
1136 2520 1143 2560 ε
1167 2500 1336 2562 Semitom
1354 2504 1530 2577 ipuoreuit
1551 2508 1629 2566 ouis
1649 2503 1738 2586 (lob,

83 2599 174 2661 tulus
193 2597 346 2660 nascitur
366 2613 410 2658 ex
426 2595 586 2667 armento,
602 2594 649 2656 ita
669 2592 819 2654 Christus
838 2592 889 2653 est
941 2611 1060 2667 xxvm,
1075 2593 1121 2674 7).
1132 2598 1196 2657 Per
1207 2612 1302 2657 avem
1312 2598 1473 2660 Dominus
1485 2601 1535 2663 θεῖ
1547 2600 1739 2679 designatus

89 2712 132 2758 ex
145 2695 421 2758 Patriarcharum
441 2694 543 2769 stirpe
561 2690 767 2769 progenitus.
787 2692 889 2767 Opor·
942 2693 999 2769 qui
1012 2708 1132 2770 corpus
1143 2709 1311 2768 carneum,
1323 2696 1410 2772 qnod
1421 2699 1611 2776 assumpsit,
1625 2716 1739 2765 ascen·

89 2793 152 2856 tuit
166 2794 272 2869 igitur
283 2793 320 2854 ut
329 2792 370 2853 de
382 2792 441 2853 illo
456 2805 578 2867 genere
593 2803 727 2850 carnem
742 2803 888 2849 assume
942 2790 1048 2852 dendo
1064 2806 1164 2868 super
1182 2791 1283 2853 coelos
1302 2792 1466 2855 liberavit.
1481 2798 1588 2872 Hujus
1600 2798 1673 2859 avis
1685 2816 1740 2861 se-

87 2892 148 2963 ret,
162 2889 370 2968 quodvoluit
386 2902 593 2966 percernere
610 2885 813 2962 assumptam
828 2900 889 2946 cu·
942 2888 1055 2949 mitam
1081 2888 1249 2964 ignorarit
1278 2890 1430 2968 quisquis
1456 2908 1534 2954 eum
1559 2894 1594 2955 in
1618 2896 1740 2958 coelum

87 3004 175 3050 rare.
192 2990 239 3050 De
264 2988 391 3049 semine
415 2999 545 3063 quoqne
568 2983 659 3045 illius
681 2986 776 3061 cujus
799 2982 888 3044 lacta
941 2985 1133 3047 ascendisse
1152 3002 1218 3047 non
1241 2987 1391 3049 credidit.
1410 2990 1538 3051 Nomen
1556 2992 1654 3069 hujus
1667 2996 1740 3055 avis

87 3084 197 3148 tuerat
211 3083 426 3162 repromissio
443 3104 450 3144 :
466 3086 510 3144 lu
523 3084 655 3143 semiue
674 3081 732 3142 tuo
751 3082 888 3142 benedi·
941 3083 1105 3160 expressit
1119 3081 1276 3144 Salomon
1288 3083 1402 3146 dicens
1420 3107 1427 3145 :
1452 3090 1534 3149 Tria
1553 3091 1635 3151 suut
1646 3093 1740 3166 disd-

85 3184 211 3244 ceutur
237 3196 356 3244 omries
381 3182 503 3258 pentes
538 3177 633 3257 (Gen.
669 3193 789 3250 xxrru,
820 3174 884 3254 14).
941 3182 1146 3241 cilioueidi...
1168 3182 1739 3265 eumaeumtucoeuffronxxx,

87 3279 182 3341 Unde
196 3280 356 3341 Dominus
369 3277 411 3337 ad
424 3276 529 3337 David
543 3297 551 3335 ι
563 3279 615 3336 De
627 3274 888 3348 sructuoeutris
942 3272 1006 3353 19).
1029 3277 1112 3336 Ecce
1136 3290 1257 3336 nomen
1279 3277 1363 3339 avis.
1388 3280 1509 3357 Aquila
1529 3284 1618 3344 enim
1637 3285 1739 3347 altius

84 3377 278 3452 luiponem
292 3376 522 3447 supersectam
537 3373 633 3432 tuom
648 3368 717 3448 (Ρε.
734 3371 803 3441 131,
821 3367 885 3447 11).
941 3372 1069 3433 cunctis
1088 3370 1206 3433 avibus
1231 3373 1346 3435 volare
1369 3375 1501 3439 dicitur.
1528 3383 1569 3443 nt
1589 3382 1739 3446 Christus

86 3473 247 3534 Novellns
267 3471 378 3532 autem
390 3469 497 3531 dictus
516 3467 576 3540 θεῖ,
603 3467 680 3544 quia
698 3465 828 3528 noviter
853 3467 887 3528 et
940 3468 1046 3531 dictus
1059 3469 1242 3547 estequile,
1254 3472 1333 3549 quia
1349 3473 1385 3534 in
1397 3475 1516 3537 coelum
1531 3480 1740 3545 ascendendo

86 3584 173 3631 novo
192 3567 289 3629 modo
308 3568 406 3628 natus
430 3567 481 3627 θεῖ
501 3565 536 3625 11
557 3563 691 3625 mundo.
703 3564 842 3626 Notiter
853 3563 887 3625 et
941 3582 1041 3644 super
1064 3582 1179 3628 omnes
1206 3569 1343 3646 angelos
1375 3572 1427 3634 est
1454 3572 1615 3637 elevatus.
1645 3580 1742 3655 Unde

84 3681 173 3727 noro
193 3665 291 3726 modo
304 3665 402 3725 natus
417 3664 478 3735 est,
490 3662 647 3740 quoniam
668 3661 704 3722 in
719 3677 780 3723 sun
792 3660 884 3722 nati·
940 3664 1100 3741 scriptum
1116 3665 1168 3727 θεῖ
1183 3686 1191 3724 :
1206 3667 1368 3730 Ascendit
1388 3683 1494 3746 super
1509 3677 1683 3737 cherubim
1705 3679 1738 3739 et

85 3762 190 3824 vitate
204 3760 338 3823 modum
348 3759 503 3821 humanae
512 3758 712 3821 conditionis
727 3758 883 3821 excessit.
939 3762 1068 3823 coierit
1078 3758 1147 3840 (Ps.
1159 3777 1245 3835 nvn,
1261 3761 1324 3841 11).
1345 3768 1475 3829 Votouit
1487 3784 1594 3844 super
1604 3788 1739 3847 percitos

87 3859 220 3920 Primus
232 3857 321 3920 enim
336 3857 452 3919 modus
466 3856 539 3928 suit,
553 3857 590 3918 ut
603 3856 702 3918 homo
715 3855 809 3918 lieret
822 3872 884 3918 neo
939 3859 1123 3920 vetitorum
1137 3856 1249 3938 (ibid).
1267 3862 1366 3924 Venti
1380 3865 1459 3926 snut
1478 3868 1599 3931 animae
1612 3872 1741 3934 sancto·

86 3955 128 4016 de
142 3955 291 4018 masculo
304 3971 367 4017 nec
384 3955 426 4017 de
436 3953 582 4026 foemina,
590 3954 676 4015 sicut
689 3953 811 4029 Adam3
828 3968 885 4015 εθ-
938 3970 1023 4028 rnm,
1040 3971 1114 4033 quae
1129 3972 1221 4019 more
1243 3959 1611 4041 ventorumsuperiora
1631 3984 1738 4047 appe-

89 4054 215 4115 cnndus
233 4052 296 4115 tuit
311 4055 349 4117 nt
370 4052 469 4114 homo
490 4051 586 4113 fleret
599 4051 640 4112 de
654 4051 801 4113 masculo
817 4067 884 4112 non
938 4052 1021 4114 tunt.
1040 4055 1162 4115 Pennas
1177 4056 1351 4117 ventorum
1365 4058 1505 4122 virtutes
1518 4065 1595 4124 suut
1607 4065 1740 4127 anima-

87 4149 128 4211 de
141 4149 288 4223 tramine,
309 4150 396 4212 sicut
416 4152 504 4224 Eva3
519 4149 637 4211 tertius
655 4147 718 4210 tuit
735 4149 771 4210 ut
784 4148 883 4210 homo
937 4167 1023 4220 rum,
1038 4166 1112 4227 quae
1125 4151 1215 4227 ipsas
1232 4152 1362 4214 animas
1380 4154 1417 4216 in
1435 4157 1538 4219 altum
1553 4160 1687 4225 elevant
1705 4166 1739 4227 et

89 4244 182 4310 tieret
200 4249 240 4309 de
261 4247 409 4311 masculo
424 4250 457 4309 et
471 4245 513 4307 de
536 4245 672 4307 toemina
689 4247 776 4308 sicut
788 4245 881 4317 Abel,
938 4246 1096 4308 exaltant.
1110 4247 1267 4310 Ascendit
1281 4265 1360 4326 ergo
1375 4253 1534 4317 Dominus
1547 4273 1648 4335 snper
1664 4262 1739 4324 cbe-

86 4346 121 4404 et
133 4361 194 4407 nos
205 4362 336 4419 omnes3
352 4344 490 4422 quartus
501 4342 564 4404 tuit
575 4344 611 4405 ut
625 4342 724 4404 homo
736 4343 832 4404 fleret
843 4342 883 4403 de
937 4342 1058 4416 rubim,
1082 4344 1159 4421 quia
1183 4360 1283 4421 super
1306 4362 1420 4409 ornnes
1446 4350 1581 4414 ordines
1600 4357 1739 4432 angelo-
1787 4340 1795 4347 ⁶

89 4438 221 4505 toemina
248 4458 315 4504 non
339 4442 379 4503 de
403 4440 569 4513 masculo,
603 4440 689 4501 sicut
720 4438 881 4501 Christus.
938 4457 1012 4501 rum
1027 4440 1077 4501 est
1088 4440 1266 4515 exaltatus,
1288 4442 1374 4505 sieut
1387 4444 1424 4506 in
1442 4449 1635 4524 Evangelio,
1650 4455 1737 4531 quod

91 4537 185 4600 Unde'
208 4540 313 4615 Virgo
336 4538 505 4601 admirans
539 4538 588 4599 eit
619 4536 661 4599 ad
695 4537 881 4613 Angelum=
937 4536 1624 4619 lectnmest‚audistiszliomiuusquidem
1635 4552 1737 4613 iesus

89 4634 259 4698 Quomodo
273 4637 333 4708 siet
347 4637 440 4697 istud
457 4632 551 4714 (Luc.
570 4650 593 4708 1,
615 4632 688 4713 34)1
703 4635 778 4695 Non
793 4635 882 4696 enim
933 4636 1117 4718 postquem
1135 4636 1266 4697 mutus
1287 4638 1339 4699 est
1359 4643 1420 4718 eis,
1440 4646 1648 4707 ascendum
1667 4663 1738 4709 oce·

89 4743 132 4790 ex
142 4732 310 4795 voluntate
320 4733 442 4805 carnis,
457 4747 563 4810 neque
571 4748 614 4793 ex
623 4732 793 4793 voluntate
805 4732 880 4804 viri,
937 4737 1008 4793 ium
1021 4732 1056 4793 et
1073 4731 1161 4794 sedit
1182 4748 1205 4794 u
1223 4735 1360 4796 deutris
1368 4738 1433 4797 Dei
1446 4734 1563 4814 (Mare.
1582 4757 1652 4811 xvr,
1669 4744 1734 4825 19).

90 4826 146 4886 sed
159 4844 202 4891 ex
212 4833 292 4903 Deo,
309 4829 405 4901 idest,
427 4844 470 4890 ex
494 4844 593 4906 opere
613 4830 756 4907 Spiritus
770 4829 882 4908 Sancti
937 4829 978 4889 Et
987 4826 1112 4889 volavit
1127 4844 1227 4905 super
1241 4846 1368 4906 pennas
1377 4836 1562 4909 ventorum,
1579 4839 1658 4915 quia
1673 4856 1734 4901 su-

91 4923 185 4986 natus
206 4927 258 4989 θεῖ
276 4942 321 4988 ex
346 4926 454 4988 Maria
475 4941 606 5003 semper
628 4926 777 5003 Virgine.
799 4926 881 4998 Quid
937 4932 1132 5003 pergressus
1141 4928 1191 4987 θεῖ
1199 4926 1339 4990 virtutes
1347 4931 1493 4993 omnium
1502 4934 1733 5010 perlectorum.

91 5036 149 5096 per
169 5039 294 5086 cornua
318 5039 393 5101 qnae
418 5023 472 5084 bic
492 5023 617 5084 vitulus
639 5024 800 5100 producit,
817 5024 883 5084 nisi
938 5025 1020 5089 Quis
1032 5023 1132 5095 enim,
1149 5023 1185 5085 ut
1200 5025 1377 5089 Psalmista
1391 5029 1449 5103 eit,
1466 5036 1659 5106 aequabitur
1673 5040 1737 5098 lio·

90 5114 154 5178 dno
177 5118 315 5182 brachia
347 5120 457 5182 crucis
489 5119 683 5197 accipimus,
718 5136 778 5197 per
809 5137 882 5199 quae
936 5123 1042 5191 miuo,
1057 5120 1206 5194 euicuis
1216 5126 1341 5186 umiiis
1358 5126 1509 5190 eritlieo
1523 5131 1737 5197 interliiios

92 5212 238 5279 Christus
262 5217 446 5291 ventilavit,
466 5218 559 5290 vicit,
576 5217 610 5280 et
620 5204 748 5295 expulit
771 5218 883 5281 hostes
937 5219 1002 5279 Dei
1024 5215 1094 5296 (Ρε.
1118 5215 1184 5297 88).
1207 5221 1295 5281 Deus
1314 5222 1371 5298 qni
1394 5224 1610 5301 glorificetur,
1636 5228 1733 5305 idest,

92 5313 237 5387 uoshos,
275 5314 444 5376 diabolum
485 5314 623 5388 seilicet,
660 5330 810 5388 carnem,
851 5316 884 5379 et
938 5307 999 5392 qui
1024 5313 1190 5390 gloriosus
1213 5320 1351 5395 apparet
1375 5321 1410 5381 in
1436 5324 1578 5387 concilio
1601 5329 1736 5392 sancto-

93 5407 260 5482 mundum,
277 5409 355 5487 quia
370 5408 462 5471 nulla
474 5410 577 5486 pestis
591 5409 812 5471 efficaciorad
828 5426 884 5472 no·
938 5427 1028 5488 rum;
1051 5428 1191 5489 magnus
1219 5418 1254 5477 et
1283 5418 1478 5480 metuendus
1499 5439 1600 5500 super
1620 5440 1735 5489 omnes

94 5502 228 5566 cendum
249 5523 347 5584 qnam
372 5505 549 5568 familiaris
575 5507 750 5569 inimicust
778 5509 885 5586 Super
938 5510 1399 5591 angelicasrirtutes,quaein
1412 5516 1734 5600 circuitnejussunt‚

94 5592 179 5660 huno
189 5602 329 5665 vitulum
342 5607 409 5666 Deo
421 5603 556 5682 placuit,
572 5604 649 5682 qnia
662 5603 748 5682 quod
761 5604 883 5683 displi-
938 5606 1037 5669 hodie
1052 5624 1152 5686 super
1162 5624 1276 5671 omnes
1291 5611 1392 5673 coelos
1404 5629 1550 5692 carnem,
1563 5636 1662 5698 quam
1675 5639 1734 5686 as·

94 5693 161 5756 cuit
172 5698 207 5759 in
219 5701 335 5775 Adam,
349 5700 475 5779 placuit
487 5701 522 5761 in
531 5701 672 5764 Christo.
684 5703 778 5765 Unde
786 5705 886 5767 Pater
938 5706 1079 5782 sumpsit
1093 5721 1135 5768 ex
1149 5705 1298 5783 Virgine,
1315 5725 1420 5787 super,
1431 5729 1528 5777 omne
1543 5720 1628 5797 quod
1639 5736 1736 5783 crea·
