3980 6198
196 220 255 280 000
832 198 1219 281 0000000000000
1787 220 1850 279 000

198 379 282 445 torio
297 393 410 439 rorem
427 377 658 454 appellationis
681 377 844 450 endttens,
861 394 995 441 causam
1052 379 1238 456 thomagen.
1257 378 1438 438 canonicos
1460 377 1539 437 olim
1559 392 1619 454 pro
1638 382 1847 455 assequenda

199 492 298 553 super·
313 476 365 536 nis
381 474 514 536 osslciali
535 475 734 536 Bituricensi
750 475 892 539 obtinuit
905 477 996 538 dele-
1051 478 1085 538 in
1113 478 1253 539 ecclesia
1287 474 1480 537 Belracensi
1509 474 1685 552 praebenda
1715 480 1848 538 nostras

198 574 271 647 pirri
289 596 296 635 z
313 588 425 634 coram
460 589 524 649 quo
558 588 600 632 ex
635 576 728 650 parte
762 574 994 651 praedictorum
1050 575 1147 654 adp)
1167 575 1262 636 boum
1281 574 1449 634 memoriae
1468 573 1659 650 episcopum
1680 576 1845 637 Parisien.

198 672 320 749 prioris
334 673 366 733 et
378 674 559 732 conventus
573 671 635 732 luit
656 670 853 749 excipiendo
875 689 996 749 propo-
1050 676 1084 735 et
1106 678 1177 750 ejus
1196 673 1341 745 collegas
1360 672 1489 733 litteras
1506 672 1716 733 executorias
1734 674 1847 750 impe-

199 770 310 840 situm,
330 770 414 847 quod
437 786 537 847 quum
553 769 675 830 omisso
687 770 878 831 oioeoesano
901 772 994 847 epis·
1050 772 1165 845 travia
1182 786 1348 849 quumque
1360 768 1460 830 iidem
1476 772 1587 847 partes
1599 769 1641 829 ad
1656 786 1752 830 snam
1765 788 1850 847 prze-

198 883 280 943 copo
309 866 426 929 inisset
457 866 498 927 ad
529 866 680 928 eumdem
709 866 995 944 archiepiscopum
1050 869 1190 930 sentiam
1221 868 1470 939 convocassent,
1503 882 1579 943 pars
1612 867 1847 944 praedictorum

198 965 410 1042 appellatum,
426 963 466 1027 ad
482 979 579 1042 quem
589 964 751 1039 gradatim
765 963 997 1042 iueratappel-
1050 967 1196 1043 episcopi
1217 968 1250 1028 et
1270 966 1408 1043 capituli
1430 968 1628 1026 recusarunt
1650 966 1760 1042 ipsum
1782 970 1850 1027 Pa·

200 1064 346 1135 landum,
361 1063 396 1124 in
409 1078 509 1123 carisa
523 1062 596 1138 ipsa
606 1062 731 1139 deJure
742 1062 919 1139 procedere
931 1079 995 1123 non
1051 1064 1166 1125 risien.
1190 1064 1392 1140 episcopum,
1426 1064 1462 1124 ut
1493 1064 1697 1140 suspectum3
1724 1080 1784 1141 pro
1806 1081 1848 1125 eo

199 1162 343 1238 poterat,
381 1176 442 1221 uec
481 1159 619 1221 debebat
646 1181 654 1220 ε
684 1159 741 1220 sed
777 1161 854 1238 quia
890 1160 995 1221 dictus
1051 1161 1137 1240 quod
1152 1162 1348 1223 advocatum
1367 1161 1471 1238 partis
1491 1161 1849 1225 alteriusclericumet

199 1258 351 1319 odicialis
387 1257 575 1335 hujusmodi
614 1274 728 1319 eorum
769 1257 995 1335 exceptionem
1051 1251 1306 1322 commensalem
1336 1276 1432 1319 suum
1461 1259 1656 1319 contraeas
1679 1260 1715 1320 in
1745 1276 1848 1322 causa

199 1356 372 1418 admittere
396 1355 589 1431 denegabat,
613 1356 676 1432 ipsi
701 1356 742 1416 ad
759 1357 906 1418 nostram
930 1372 996 1416 au·
1051 1358 1166 1419 eadem
1181 1358 1232 1419 eis
1249 1356 1508 1418 reclamantibus
1521 1356 1728 1429 admittebat,
1746 1375 1848 1434 quum

200 1454 357 1515 dientiam
371 1453 597 1530 appellarunt:
610 1454 712 1515 atille
725 1454 873 1531 ipsorum
883 1454 999 1531 appel·
1052 1455 1190 1516 dixisset
1211 1454 1351 1531 publice,
1382 1455 1469 1516 sicut
1491 1454 1587 1515 erant
1613 1454 1724 1531 parati
1751 1455 1848 1515 sulii·

201 1552 325 1612 latione
340 1552 526 1628 contempta
541 1551 770 1628 suspensionis
784 1552 818 1613 et
829 1552 996 1613 interdicti
1052 1553 1179 1614 cienter
1196 1552 1349 1629 probare,
1369 1568 1405 1612 se
1424 1552 1512 1613 scire
1533 1551 1673 1613 tirmiter
1689 1554 1848 1630 tanquam

200 1650 276 1711 tulit
299 1650 480 1711 sententias
500 1649 535 1709 in
559 1649 703 1710 eosdem.
726 1650 887 1722 Quocirca
914 1649 994 1711 disc.
1052 1651 1108 1728 qui
1126 1651 1161 1711 in
1179 1652 1322 1712 tractatu
1341 1649 1447 1727 ipsius
1463 1649 1588 1724 negotii
1604 1649 1716 1711 iuerat
1735 1666 1848 1711 coram

202 1765 233 1807 u.
260 1764 305 1808 m.
334 1748 507 1823 quatenus,
524 1746 551 1807 si
578 1747 683 1809 dictas
714 1748 895 1809 sententias
925 1749 999 1825 post
1052 1750 1124 1824 ipso
1139 1747 1306 1825 episcopo,
1325 1746 1468 1825 qualiter
1482 1763 1536 1807 res
1555 1748 1644 1808 esset
1657 1747 1849 1825 hujusmodi

202 1845 392 1922 lutjusmodi
418 1844 674 1921 appellationem
703 1844 897 1907 inveneritis
925 1862 998 1906 esse
1053 1870 1260 1931 processura,
1296 1853 1396 1930 atque
1429 1853 1470 1913 ad
1507 1854 1776 1927 cogrroscendum
1808 1855 1849 1916 de

200 1943 299 2015 latas,
316 1942 517 2004 denuntietis
532 1957 589 2002 eas
602 1942 732 2019 penitus
747 1958 813 2003 1101]
828 1944 952 2004 tenere·
1052 1968 1153 2013 causa
1169 1950 1368 2028 suspicionis
1379 1950 1570 2026 hujusmodi
1583 1951 1729 2011 arbitros
1744 1953 1851 2028 petie-

1018 2076 1021 2083 *
1052 2050 1145 2124 runt3
1168 2065 1251 2126 quos
1270 2048 1348 2127 quia
1369 2047 1433 2124 ipsi
1449 2047 1579 2125 judices
1598 2048 1850 2124 denegaverunt

295 2122 415 2182 Abbati
437 2122 557 2183 Sancti
580 2125 746 2196 Dionysii,
772 2125 899 2185 decerta
1053 2148 1189 2219 eisdem,
1205 2163 1265 2224 ppo
1281 2148 1374 2223 pal-pe
1392 2145 1539 2222 ipsorum
1558 2145 1619 2207 sup
1638 2146 1680 2206 ad
1699 2148 1849 2208 nostram

408 2219 442 2280 ‘⁹5
461 2220 631 2297 'Momm
653 2217 761 2297 cm(
784 2219 809 2298 t·
1053 2243 1849 2321 audientiamappellatum.Quocircamandamus

667 2396 675 2411 ,
926 2341 929 2345 ’
1053 2343 1227 2420 quatenus,
1248 2342 1276 2401 si
1295 2342 1346 2402 est
1358 2341 1415 2411 ita,
1432 2341 1587 2402 revocato
1604 2341 1639 2401 in
1655 2343 1851 2403 statnrnde-

492 2394 628 2453 CAPUT
649 2395 704 2454 η
1052 2439 1157 2503 bitum
1179 2438 1337 2518 quidquid
1359 2440 1433 2515 post
1456 2438 1712 2515 appellationem
1733 2440 1852 2518 hujus-

244 2541 523 2616 significaverunt
543 2540 637 2603 nobis
658 2559 732 2603 ven.
754 2543 776 2603 s.
797 2560 830 2603 n.
852 2541 908 2621 (b)
928 2544 1000 2620 epi-
1054 2537 1849 2608 modiinteneritistemereattentatnm,incausa

204 2654 334 2714 scopus,
349 2639 381 2699 et
393 2638 450 2698 dil.
468 2638 490 2699 s.
507 2639 662 2710 decanus,
679 2642 712 2702 et
728 2640 909 2717 capitulum
925 2641 1000 2701 Bel·
1050 2638 1145 2714 juxta
1160 2635 1308 2712 priorum
1322 2632 1558 2695 continentiam
1571 2632 1761 2695 litterarum
1772 2651 1846 2712 app.

203 2749 319 2795 sacen.
341 2735 430 2811 quoa
456 2736 615 2811 magister
628 2739 658 2798 J.
684 2737 904 2799 Silvanecten,
930 2741 1000 2800 lto—
1053 2735 1190 2805 remota,
1207 2732 1336 2794 ratione
1349 2730 1473 2808 praevia
1486 2730 1686 2808 procedatis.

205 2966 233 3021 Si
249 2969 401 3040 episcopus
413 2966 524 3040 judices
539 2969 658 3040 dederit,
674 2973 825 3055 appellatio
844 2972 1000 3030 devolvitur
1054 2971 1099 3032 cio
1114 2970 1312 3044 inquestione
1327 2969 1525 3043 appellationis
1539 2967 1574 3025 ad
1590 2966 1850 3039 arehiepiscopum,

205 3036 239 3092 ad
255 3038 433 3121 episcopum,
449 3055 506 3097 uon
522 3040 558 3097 ad
573 3044 836 3114 metropolitanum3
853 3045 925 3101 sicut
937 3043 1000 3116 iure
1054 3043 1161 3101 omisso
1174 3041 1279 3109 medio,
1300 3042 1328 3098 ia
1344 3056 1401 3113 quo
1414 3040 1533 3097 multum
1547 3037 1657 3096 laborat
1674 3037 1850 3118 inponenda

204 3109 280 3165 civili
302 3110 326 3164 si
348 3111 535 3182 magistratus
547 3110 663 3170 dederit
677 3113 789 3186 judices
810 3114 845 3171 ad
862 3115 955 3186 ipsum
970 3114 1000 3171 ilt
1054 3111 1421 3185 distinctiooejudicisdati
1438 3111 1635 3183 abepiscopo,
1654 3117 1683 3166 et
1706 3109 1849 3175 officialis,

205 3180 367 3262 appellatio,
383 3181 401 3238 l.
415 3182 442 3249 3,
453 3183 513 3252 qai,
526 3187 553 3239 et
569 3199 587 3239 0
604 3187 839 3255 000-0000110000.
855 3185 941 3244 rtliud
956 3192 1001 3242 est
1054 3187 1090 3244 de
1104 3198 1159 3255 qua
1170 3184 1240 3240 nibil
1255 3182 1373 3241 omuino
1388 3183 1417 3239 in
1432 3181 1487 3238 boc
1495 3196 1559 3253 cap.

204 3266 228 3306 st
244 3249 377 3308 mandata
391 3249 474 3309 luerit
492 3253 660 3327 jurisdictio,
681 3257 746 3327 quia
769 3263 836 3313 tune
850 3255 998 3314 mandata·
1092 3252 1134 3327 (a)
1149 3255 1250 3311 Abbati
1264 3255 1291 3310 s.
1312 3253 1453 3326 Dionysii.
1470 3255 1553 3309 Petro
1566 3249 1602 3309 de
1618 3251 1745 3319 analio,
1760 3249 1849 3306 000·

205 3324 265 3404 rius
281 3336 337 3403 noa
353 3323 557 3404 0000000001
575 3323 738 3383 mandantis
753 3328 823 3399 agit,
840 3327 859 3384 l.
872 3327 940 3390 Sibi,
961 3328 1001 3382 Da
1055 3328 1135 3393 tacit,
1151 3325 1186 3382 ii
1199 3324 1294 3381 abbati
1307 3323 1392 3450 billius
1407 3323 1481 3395 regii
1496 3323 1672 3405 monasterii.
1733 3392 1739 3403 ·

201 3393 348 3462 pariebat.
365 3393 481 3461 Quodsi
493 3395 580 3467 pudes
595 3395 756 3454 ordinarius
769 3398 1001 3470 episcopanos
1091 3397 1131 3469 (b)
1153 3396 1308 3466 Episcopus
1354 3394 1516 3451 eloacenris.
1539 3392 1686 3465 Pbdrppus
1702 3390 1778 3448 idrus
1792 3392 1848 3447 llo·

206 3464 344 3531 alliciatis,
377 3479 427 3521 seu
458 3467 590 3533 vicarios,
625 3475 692 3524 tuuc
723 3469 831 3525 ontisso
866 3470 1001 3540 episcopo
1055 3464 1850 3537 berticomitlsllrocarum,blepiscopusBelvacensis‚

206 3533 240 3591 ad
263 3536 513 3606 metropolitanum
542 3538 706 3607 revertitur,
735 3540 799 3610 quie
834 3541 912 3597 vices
941 3540 1002 3612 agit
1056 3535 1433 3597 veltltlodeltantollooss.

206 3605 344 3676 ortiscopi,
361 3606 530 3663 eteamdem
543 3622 693 3679 personam
710 3610 845 3678 sustioet;
859 3625 922 3682 quae
938 3612 999 3693 qui·
1093 3611 1131 3683 (a)
1150 3611 1234 3665 Bona
1244 3608 1384 3663 mmmria
1400 3605 1589 3662 Parisicosem
1610 3605 1781 3674 episcopam.
1796 3604 1848 3660 Pe·

206 3675 270 3731 dom
300 3676 459 3746 colligenda
486 3685 552 3735 sunt
572 3693 608 3734 ex
632 3679 742 3747 Glossa,
785 3695 852 3737 nam
875 3689 1002 3751 sequitur
1056 3690 1130 3738 trum
1152 3683 1179 3739 ll
1205 3678 1315 3747 camo,
1334 3680 1367 3735 7²
1388 3677 1554 3749 episcopum
1576 3674 1781 3743 parisiensem,
1806 3673 1851 3730 rel

207 3744 347 3827 Cujacips.
362 3748 431 3827 ‚llic
457 3753 551 3804 autem
580 3750 736 3805 canonicus
762 3695 1002 3809 tlaroatontensts
1056 3753 1235 3809 Guillolmum
1248 3752 1285 3816 ll,
1301 3747 1336 3805 de
1357 3748 1523 3820 Siligniaeo,
1546 3746 1580 3801 dr
1600 3745 1849 3827 801ἰο00730ρί-

208 3831 264 3872 uon
278 3816 330 3871 suit
342 3816 476 3884 vicarius,
491 3833 542 3874 seu
562 3819 691 3875 olllcialis
703 3820 839 3892 episcopi,
855 3821 904 3877 sed
915 3820 1002 3893 judex
1056 3836 1174 3894 scopum
1195 3820 1241 3876 vel
1263 3817 1504 3876 Bartholomoeum
1524 3817 1568 3884 tl,
1582 3830 1630 3888 qur
1644 3822 1778 3872 vixerunt
1796 3815 1848 3871 sub

207 3886 750 3959 0010000000800000000000,οο0
771 3890 854 3946 datus
874 3891 909 3947 ab
926 3908 942 3948 e
965 3893 1000 3948 is·
1058 3894 1183 3950 Honorio
1202 3893 1252 3948 lll.
1280 3891 1333 3946 llic
1360 3889 1502 3945 recusatio
1526 3888 1691 3968 proponitur
1712 3885 1851 3942 adversus

208 3973 291 4030 copo,
316 3964 348 4014 ut
370 3958 545 4016 existimavit
566 3959 707 4031 CuJacius,
754 3959 808 4017 uod
831 3966 916 4018 verba
941 3908 1003 4019 tec
1057 3965 1221 4047 episcopum
1237 3960 1427 4017 Parisiensem
1443 3958 1579 4030 adquam
1598 3958 1847 4014 lrtteroeesecuto-

206 4028 417 4110 demonstrant:
428 4030 531 4085 Caram
544 4030 579 4111 ᾼ.
589 4033 721 4088 00000000
733 3977 1002 4089 ttaromotaemtrei
1057 4051 1105 4092 rue
1119 4034 1233 4090 directae
1253 4030 1374 4099 inerant,
1391 4045 1426 4087 ex
1441 4044 1475 4086 00
1490 4027 1564 4111 quod
1582 4026 1739 4085 advocatus
1762 4027 1851 4100 partis

206 4115 241 4154 00
254 4100 588 4169 deiepattaaenpostoltca
602 4103 715 4172 questio
726 4107 884 4159 verteretur
895 4118 930 4161 :a
946 4120 1002 4177 quo
1057 4106 1184 4163 adverse
1197 4103 1259 4175 elus
1269 4108 1345 4158 esset
1356 4100 1569 4166 commensalis,
1584 4105 1691 4155 etcum
1707 4112 1766 4169 quo
1781 4105 1851 4153 trac·

208 4170 290 4226 miles
311 4170 487 4227 frustratorie
511 4172 666 4244 appellavit
693 4173 729 4230 ab
756 4173 1001 4248 archiepiscopum
1056 4185 1145 4233 tatum
1159 4174 1245 4246 hujus
1262 4173 1370 4245 negotii
1386 4170 1533 4227 babuerat.
1558 4167 1636 4227 idem
1651 4170 1786 4226 statuitur
1804 4167 1851 4224 hie

209 4240 424 4306 bituricensem,
447 4241 483 4298 ad
502 4258 669 4316 quemcap.
686 4246 766 4312 Sane,
781 4246 813 4301 da
826 4246 901 4318 osric,
914 4253 939 4303 et
950 4263 999 4317 po·
1056 4247 1091 4304 de
1103 4246 1209 4319 judice,
1225 4243 1300 4315 qood
1315 4242 1351 4299 de
1372 4249 1445 4298 teste
1460 4255 1475 4297 0
1495 4240 1654 4298 Callistrato
1671 4240 1700 4295 ia
1719 4240 1737 4295 l.
1759 4240 1786 4307 3,
1810 4240 1851 4294 lle

208 4316 269 4368 test.
281 4312 345 4389 iad.
366 4313 450 4382 dalea.
477 4321 505 4370 et
518 4328 582 4385 cap.
606 4316 764 4385 pastoralis
783 4318 815 4371 00
838 4316 911 4388 offic.
934 4319 1000 4388 jad
1055 4319 1143 4374 testib.
1164 4323 1192 4372 et
1214 4314 1330 4381 Tullius,
1345 4316 1419 4369 orat.
1434 4326 1488 4382 pro
1507 4306 1642 4392 Ldiacco
1665 4307 1754 4366 dicit:
1772 4331 1783 4359 ‹
1808 4311 1851 4365 lle

204 4383 314 4450 ordin,
327 4383 469 4454 appellare
484 4399 541 4441 nou
555 4386 656 4457 potuit,
677 4387 742 4458 atria
763 4387 854 4459 major
876 4395 936 4444 erat
956 4387 1002 4445 iric
1056 4386 1229 4444 accusatoris
1251 4382 1476 4449 consessoribus,
1496 4382 1635 4448 0000000,
1657 4380 1849 4436 contuberna-

200 4453 293 4527 jodex
308 4453 561 4539 archiepiscopatu
576 4470 609 4512 00
622 4472 718 4514 causa.
734 4457 789 4514 Sed
803 4466 865 4514 erat
883 4456 999 4514 trasoa-
1056 4459 1129 4516 libus
1143 4458 1235 4514 civem
1249 4470 1282 4511 ac
1300 4454 1457 4526 supplicem
1476 4459 1601 4508 vestrum
1623 4449 1769 4533 dederitis.
1791 4452 1851 4506 lloc

208 4534 278 4583 torta
297 4533 345 4581 aut
360 4534 510 4583 moratoria
527 4528 690 4599 appellatio,
715 4544 802 4584 caasa
821 4529 1000 4600 subterstrata
1057 4531 1118 4586 loco
1132 4526 1334 4584 cotnmonsalis
1346 4524 1421 4581 idem
1431 4529 1475 4579 est
1489 4523 1536 4594 qui
1552 4517 1658 4579 areos
1673 4523 1849 4585 συντῇάπεζος.

208 4602 238 4651 nt
257 4595 388 4721 loquitur.
405 4611 468 4669 cap.
481 4599 632 4664 Ortastioai
646 4600 690 4665 tl,
708 4599 749 4655 De
762 4600 894 4668 appellat.
911 4601 1000 4667 Quem
1056 4615 1140 4727 quem
1161 4599 1300 4661 cirritos
1312 4595 1340 4652 id
1355 4602 1400 4651 est
1417 4594 1585 4650 00000ναὶ000
1598 4605 1721 4648 vocasse
1736 4592 1851 4648 blenan

209 4667 407 4737 appelationis
423 4668 565 4724 delectum
578 4683 778 4740 agnoscenaa
795 4670 999 4726 800000οΡ00-
1076 4685 1137 4726 rum
1161 4666 1259 4724 scribit
1276 4667 1385 4735 Pollux,
1408 4663 1455 4721 lib.
1477 4666 1526 4734 vl,
1549 4677 1612 4735 cap.
1638 4665 1667 4733 l;
1691 4662 1852 4734 Hesychius

208 4737 283 4792 tilica
294 4738 408 4793 officiali
419 4738 587 4795 Bituriccnsi
600 4752 716 4795 causam
728 4739 854 4809 delegari
871 4739 1000 4797 obtiuoit.
1055 4740 1292 4804 soaootepvanos..

208 4809 249 4863 Ex
262 4807 364 4878 quibus
378 4815 489 4865 cotrstat
505 4808 606 4865 trustra
621 4808 676 4866 boc
693 4823 755 4881 cap.
778 4809 879 4866 adduci
894 4825 909 4866 a
923 4811 1001 4884 Coja·
