3936 6182
211 352 271 414 603
837 342 1014 406 HONORIl
1036 341 1080 401 111
1102 338 1250 400 OPERA.
1804 342 1859 401 504

254 514 293 573 ln
317 510 511 589 episcopatu
534 506 703 573 Verulano
717 523 725 568 :
740 507 814 584 1333
837 504 1011 583 episcopus
1066 503 1192 577 Papae:
1229 496 1467 560 Monasterium
1502 496 1633 561 Sanctae
1667 497 1838 562 Trinitatis
1848 536 1862 573 ,-
1953 530 1954 541 ³

215 608 315 672 debet
327 610 368 670 60
381 607 519 669 brachia
533 606 647 684 panni,
664 606 698 667 et
713 606 774 666 200
792 603 961 675 scutellas,
979 601 1013 663 et
1066 613 1167 660 unam
1178 596 1311 659 333133
1326 595 1413 657 3331.

214 708 255 767 20
269 705 462 782 3311333333
476 720 612 766 33333.
1105 694 1254 758 Ecclesia
1278 694 1407 757 Sanctae
1425 694 1542 756 Mariae
1563 694 1605 756 de
1623 695 1748 768 1111313,
1763 712 1859 758 unam

252 803 401 865 Ecclesia
415 801 529 864 Sancti
551 799 642 864 Ρ3131
655 799 695 862 33
708 800 842 872 (lanato,
860 799 918 861 100
933 813 1012 860 scu·
1065 792 1198 856 unciam
1217 792 1302 855 auri.

213 900 321 974 131133,
333 901 367 962 31
380 902 439 962 100
452 898 590 961 brachia
603 898 716 977 33331.

253 1001 291 1060 13
315 998 507 1076 3313333313
525 995 776 1059 Tarracinensi:
792 994 961 1072 Magister,
978 994 1012 1057 et

214 1098 348 1158 Fratres
360 1099 481 1158 Domus
496 1097 717 1173 Leprosorum
734 1096 767 1155 S.
783 1093 899 1155 Mariae
911 1095 1010 1169 Mag-

214 1194 342 1255 dalenae
364 1193 405 1255 de
423 1194 614 1266 Terracina,
633 1193 672 1255 12
692 1191 846 1254 denarios
863 1192 1009 1265 3333133,

216 1307 276 1369 333
291 1290 467 1354 333131313
482 1290 654 1368 cujusdam
669 1289 860 1352 molendini.

256 1391 292 1450 In
303 1389 495 1467 episcopatu
511 1391 650 1450 Sorano.

254 1489 290 1548 13
306 1487 497 1563 3313333313
510 1486 680 1548 Fundano.

254 1585 292 1645 13
305 1583 498 1662 3313333313
513 1586 683 1661 Gajetano.

253 1684 291 1743 13
307 1682 497 1760 3313333313
512 1681 712 1743 1133313333.

257 1781 294 1839 13
306 1780 499 1857 3313333313
514 1778 664 1842 Reatino.

1104 950 1147 1010 Iu
1176 948 1344 1009 03133313.
1363 976 1405 991 -
1418 946 1456 1006 13
1477 944 1766 1023 archiepiscopatu
1791 949 1856 1008 Re-

1065 1045 1142 1122 gino
1157 1066 1165 1106 2
1182 1043 1330 1107 Ecclesia
1345 1043 1476 1105 Sanctae
1488 1044 1604 1105 Mariae
1619 1042 1660 1105 de
1673 1043 1854 1117 Balnearia,

1063 1144 1084 1204 2
1103 1142 1220 1204 333133
1235 1140 1321 1203 auri.

1065 1337 1182 1399 Mariae
1194 1337 1234 1399 de
1250 1336 1447 1409 1133111333,
1458 1338 1479 1396 2
1490 1336 1663 1414 squilatos.

1105 1435 1254 1497 Ecclesia
1267 1435 1396 1496 Sanctae
1411 1435 1527 1496 Mariae
1541 1435 1581 1496 de
1596 1434 1796 1513 Sanctalejo,
1808 1435 1855 1497 rel

1067 1534 1107 1595 33
1116 1532 1369 1612 Aqualormosa,
1387 1549 1488 1594 unum
1503 1533 1788 1595 massamutinum.

1105 1634 1143 1693 In
1180 1631 1372 1709 episcopatu
1403 1631 1642 1693 Neucastrensi
1662 1647 1671 1687 τ
1695 1633 1856 1693 111333313-

1066 1730 1152 1791 3133
1165 1730 1294 1791 Sanctae
1304 1730 1507 1806 Euphemiae,
1520 1745 1620 1790 unam
1631 1730 1764 1790 unciam
1776 1731 1853 1790 3331.

1066 1830 1147 1891 Item
1161 1827 1249 1888 idem
1272 1827 1510 1888 monasterium
1526 1828 1656 1889 Sanctae
1671 1827 1853 1905 Euplremiae

1067 1925 1194 1987 ordinis
1206 1926 1319 1987 Sancti
1330 1926 1499 1988 Benedicti
1509 1941 1569 2004 pro
1584 1925 1688 1987 casali
1697 1926 1853 1997 Nuceriae,

1066 2024 1173 2101 posito
1200 2022 1236 2085 13
1258 2023 1395 2085 dioecesi
1417 2024 1602 2101 Tropiensi,
1628 2024 1800 2084 annuatim
1824 2024 1854 2083 in

1066 2120 1150 2184 13313
1179 2121 1423 2200 assumptionis
1448 2121 1559 2183 Baetae
1594 2121 1755 2197 Virginis,
1782 2121 1854 2181 duas

1067 2220 1183 2280 uncias
1209 2219 1284 2280 auri
1312 2219 1354 2280 ad
1384 2218 1512 2297 pondus
1539 2219 1646 2295 regui.
1676 2221 1717 2281 Et
1742 2219 1853 2279 dictum

1067 2317 1177 2379 333313
1196 2332 1390 2379 333333333
1405 2316 1467 2378 1311
1481 2316 1567 2377 31313
1582 2316 1786 2378 3333313313
1803 2332 1854 2393 333

1067 2415 1153 2476 31313
1168 2431 1280 2489 33333,
1292 2414 1440 2493 1333333
1463 2413 1588 2475 domini
1601 2417 1701 2492 Papae
1714 2414 1852 2475 Alexan-

1067 2513 1118 2575 dri
1129 2515 1183 2587 IV,
1198 2529 1285 2576 anno
1301 2515 1330 2574 1.

253 1978 381 2038 8131113.
394 1998 436 2021 »-
455 1978 626 2053 Tempore,
652 1990 717 2053 quo
745 1973 908 2036 Robertus
935 1973 1013 2034 Vis-

215 2073 335 2135 cardus
348 2073 612 2135 ultramontanus
625 2073 712 2150 cepit
721 2088 860 2149 regnum
876 2070 1010 2144 8131113,
1022 2084 1025 2091 ·

210 2171 337 2247 juravit
351 2170 442 2244 dare,
460 2171 555 2233 tactis
575 2170 796 2232 sacrosanctis
810 2168 1010 2246 Evangeliis,

215 2285 275 2345 pro
297 2269 387 2331 sset
411 2269 481 2330 suis
505 2269 694 2339 heredibus,
717 2268 850 2331 domino
873 2267 1011 2329 Nicolao

215 2368 327 2443 Papae,
344 2367 377 2429 31
391 2368 460 2428 3313
471 2367 731 2437 successoribus,
743 2383 802 2445 pro
816 2380 1013 2444 unoquoque

211 2465 293 2539 jugo
325 2463 443 2536 boum,
476 2464 514 2524 12
548 2464 703 2525 33333133
738 2463 906 2541 papiensis
940 2478 1013 2524 33-

217 2658 429 2720 13333331133
451 2659 515 2721 1331
530 2659 722 2732 1131131133,
741 2659 1013 2736 1133331331333

215 2768 278 2815 rex
301 2753 435 2827 Siciliae,
454 2754 624 2816 constituit
644 2754 708 2832 ipsi
723 2754 803 2816 dare
825 2754 1013 2817 annualiter

216 2866 276 2927 pro
288 2851 408 2927 Apulia
423 2854 456 2913 et
470 2851 634 2924 Calabria,
647 2854 708 2914 600
721 2852 892 2930 squilatos.
911 2853 1011 2915 Post-

216 2948 348 3008 modum
363 2963 444 3011 vero
458 2949 660 3011 Willielmus
674 2966 745 3025 rex,
758 2950 940 3028 3133111133,
952 2966 1012 3027 pro

1068 2708 1179 2770 Sancti
1193 2710 1211 2771 J
1215 2707 1330 2779 uliani,
1348 2723 1447 2768 unam
1458 2706 1590 2767 unciam
1603 2708 1690 2768 3331.

1106 2809 1143 2868 13
1159 2805 1351 2884 3313333313
1373 2805 1591 2867 Crotoniensi.

1107 2906 1145 2966 In
1160 2904 1353 2982 episcopatu
1364 2902 1549 2980 Tropiensi.

1106 3005 1145 3064 In
1165 3001 1357 3080 episcopatu
1372 3001 1519 3078 Opiensi.

1106 3103 1143 3162 13
1159 3100 1351 3179 3313333313
1365 3098 1520 3161 Bovensi.

1106 3200 1143 3261 In
1181 3198 1373 3276 episcopatu
1405 3196 1590 3259 Geratino:
1619 3196 1844 3259 Monasturium

1068 3296 1180 3360 833311
1193 3297 1284 3359 Ρ3131
1299 3296 1339 3358 33
1351 3297 1470 3368 Cavea,
1484 3297 1505 3355 2
1520 3294 1693 3372 3133113133.

1106 3398 1143 3456 13
1159 3394 1350 3472 3313333313
1364 3392 1602 3471 Squillacensl:
1619 3393 1843 3454 Monasterium

1067 3494 1107 3555 de
1122 3494 1236 3562 Carra,
1253 3508 1355 3553 unum
1372 3490 1630 3552 marabutinum.

1107 3594 1145 3652 13
1172 3589 1460 3667 333133313333313
1481 3589 1681 3650 cusentino:
1710 3587 1844 3649 Ecclesia

218 3046 355 3120 Mersia,
370 3063 468 3124 quam
489 3050 710 3126 occupaverat
734 3050 882 3125 tempore
907 3048 1011 3125 ipsius

216 3145 401 3207 1333333111
416 3148 527 3223 Papae,
542 3146 768 3223 superaddidit
777 3149 837 3209 400
850 3145 1012 3225 equitatus

214 3244 363 3319 tempore
385 3243 535 3317 Adriani,
562 3244 693 3322 quando
716 3244 782 3323 ipsi
803 3244 1011 3309 1331111331-

217 3341 320 3414 nium,
336 3342 369 3404 31
383 3340 575 3404 fidelitatem
597 3343 683 3420 apud
695 3343 930 3406 Beneventum.

254 3440 466 3515 willielmus,
484 3441 649 3502 secundus
659 3457 721 3503 rex
738 3442 871 3515 Siciliae,
888 3442 1014 3504 333311-

214 3536 279 3601 tuit
303 3539 540 3602 monasterium
559 3540 669 3601 Beatae
690 3540 806 3601 Mariae
825 3540 923 3617 Juxta
947 3542 1014 3601 Pa-

216 3650 380 3709 normnm,
409 3651 496 3697 anno
521 3638 560 3697 17
585 3636 796 3713 pontificatus
830 3636 1013 3698 Alexandri

215 3733 315 3808 Papae
329 3733 385 3805 111,
395 3734 428 3795 31
437 3733 577 3811 subjecit
587 3733 668 3794 illud
677 3736 835 3795 Romanae
843 3734 1011 3808 Ecclesiae,

133 3826 137 3833 ’
215 3828 277 3889 sub
289 3844 401 3891 33333
415 3830 574 3907 33331333
591 3832 649 3891 100
662 3831 865 3893 133333333.

256 3929 293 3987 13
308 3927 595 4005 333313313333313
608 3927 857 3991 Panormitano.

256 4027 292 4085 13
306 4025 497 4102 3313333313
511 4024 738 4101 Agrigentino.

256 4123 293 4183 In
307 4122 497 4199 episcopatu
514 4121 710 4185 1133333331.

1069 3688 1181 3751 833311
1206 3688 1345 3750 loannis
1373 3687 1437 3749 sita
1463 3686 1498 3747 in
1532 3685 1622 3758 loco,
1657 3686 1714 3762 qui
1740 3684 1848 3745 dicitur

1068 3788 1155 3860 Flos,
1172 3784 1259 3846 infra
1282 3785 1441 3846 terminos
1460 3783 1538 3856 Sile,
1554 3780 1658 3844 3333
1678 3780 1847 3843 marabuti-

1068 3901 1158 3946 333.

1108 3985 1145 4044 13
1160 3978 1353 4059 3313333313
1367 3977 1625 4041 Marturanensi.

1109 4082 1146 4141 In
1168 4076 1455 4155 archiepiscopatu
1476 4078 1621 4147 Rosauo,
1650 4075 1707 4151 qui
1733 4072 1847 4134 331133

1067 4177 1167 4239 habet
1181 4175 1440 4251 suffraganeum.

1106 4277 1144 4336 13
1166 4272 1359 4350 3313333313
1377 4270 1635 4347 Bisignianensi,
1655 4269 1712 4347 qui
1738 4266 1848 4329 esido-

1067 4372 1148 4433 mini
1161 4375 1261 4447 Papae
1274 4392 1281 4431 ε
1293 4368 1531 4431 Monasterium
1547 4368 1677 4429 Sanctae
1692 4367 1804 4428 Mariae
1814 4363 1848 4423 dc

1069 4468 1278 4540 sambucino,
1291 4482 1393 4527 unum
1408 4465 1599 4543 squilatum.

1106 4570 1180 4644 lpse
1195 4566 1369 4643 episcopus
1384 4579 1485 4624 unum
1501 4561 1692 4640 equitatum.

1106 4668 1144 4726 In
1158 4662 1445 4741 archiepiscopatu
1454 4660 1568 4722 Sancti
1583 4659 1747 4722 Severini.

256 4220 293 4280 In
307 4218 498 4297 episcopatu
512 4219 717 4281 Mileritano.

255 4317 291 4377 In
307 4316 593 4396 archiepiscopatu
607 4317 730 4379 Montis
745 4316 890 4394 Regalis.

255 4417 294 4477 In
308 4416 500 4494 episcopatu
514 4419 722 4494 Syracusano
736 4436 744 4477 z
762 4418 885 4477 Domus
897 4415 1013 4494 hospi-

213 4513 291 4575 talis
305 4514 417 4577 Sancti
432 4514 602 4595 Raynerii,
619 4531 722 4575 3333
735 4513 927 4576 bizantium.

254 4614 291 4673 13
306 4611 497 4689 3313333313
509 4610 710 4674 cataniensi.

254 4711 292 4768 13
309 4708 598 4785 333313313333313
611 4708 829 4771 Messanensl.

255 4807 292 4866 13
308 4805 500 4882 3313333313
514 4805 769 4881 (133331333331.

256 4903 294 4961 13
308 4901 499 4977 3313333313
513 4901 659 4962 Ρ313331.

1107 4765 1144 4824 13
1158 4759 1351 4840 3313333313
1365 4757 1568 4820 Ebriacensi.

1106 4863 1144 4923 13
1157 4858 1348 4939 3313333313
1364 4856 1560 4918 8133313331.

255 5000 292 5059 13
303 4998 494 5076 3313333313
505 4998 618 5059 Sancti
630 5000 806 5077 1113331331
822 5001 873 5062 331
887 4999 1011 5062 333131
1105 4961 1142 5021 ῙΠ
1158 4955 1350 5035 epi⁵⁰⁰patu
1363 4953 1649 5016 Geneocasmnsi'

216 5099 337 5174 Papae:
354 5095 592 5159 Monasterium
608 5097 737 5158 sanem
752 5099 867 5161 Mariae
878 5099 918 5163 de
930 5101 1013 5161 Mat-

213 5194 295 5266 1133,
312 5210 413 5255 3333
427 5195 559 5256 333133
576 5193 661 5256 3331.

215 2561 312 2623 netae'
336 2564 500 2623 Processu
528 2577 608 2623 vem
629 2561 799 2639 tempms'
825 2560 902 2623 dum
922 2563 990 2638 Pap
1106 2611 1144 2671 13
1177 2609 1369 2686 3313333313
1399 2608 1590 2671 (1313333313
1625 2609 1851 2671 Monasterium

1105 5106 1148 5164 In
1160 5100 1380 5177 Aptata-In
1390 5096 1680 5174 archiepiscopatu
1693 5096 1848 5156 Consano:

1066 5198 1304 5265 Monasterium
1322 5198 1452 5259 Sanctae
1470 5194 1588 5256 Marias
1602 5194 1642 5254 de
1657 5192 1850 5264 hicaunam

255 5292 436 5370 Episcopus
449 5292 531 5369 ipse,
548 5307 648 5354 unam
659 5292 791 5353 unciam
804 5293 946 5371 auripro
958 5310 1012 5355 ec·
1066 5298 1199 5360 unciam
1214 5295 1299 5357 3331.

215 5390 326 5451 clasiae
349 5390 462 5451 Sancti
475 5390 590 5451 Marci.
1106 5397 1144 5457 In
1167 5394 1359 5473 episcopatu
1382 5390 1593 5455 Moranensi:
1619 5386 1849 5450 Monasterium

255 5488 297 5547 Hi
321 5489 398 5549 sunt
420 5488 629 5564 episcopatus
654 5487 779 5548 domini
801 5489 900 5564 Ρ3131
924 5488 1013 5551 anter
1067 5494 1180 5579 33333
1197 5491 1379 5553 salvatoris
1398 5490 1438 5551 ae
1453 5489 1596 5550 33333
1612 5469 1852 5558 sanca'ungau

217 5583 365 5654 Siciliam
379 5586 412 5645 et
426 5584 623 5645 Calabriam.
1066 5592 1106 5654 de
1121 5589 1296 5653 Lombard.
1308 5588 1441 5651 dioeces.
1454 5603 1555 5648 3333
1567 5586 1699 5648 obolum
1709 5594 1849 5674 aureum,

257 5681 293 5748 111
320 5680 511 5755 9121820P3l11
535 5682 711 5755 1111010081,
734 5683 791 5761 (lui
814 5684 865 5747 est
885 5684 1009 5747 domini
1065 5706 1125 5768 pro
1138 5687 1279 5751 ecclesia
1293 5687 1406 5749 Sancti
1423 5686 1558 5748 Thomas
1572 5684 1612 5746 de
1636 5683 1741 5744 Plano
1761 5676 1850 5743 Rubi,

1105 1242 1142 1302 In
1153 1238 1725 1318 episcopatuCassanensi:Ecclesia
1734 1242 1856 1303 833313
1953 1216 1954 1303 1
