3960 6188
671 332 848 392 HONORII
869 332 916 392 111
937 331 1085 392 OPERA.
1101 359 1141 375 -
1156 330 1390 393 SERMONES.
1794 330 1856 391 844

205 336 266 399 843

203 509 305 555 unum
326 491 440 555 vinum
462 490 615 564 confluit,
641 490 688 554 lta
709 507 828 569 corpus
850 490 996 564 Domini,
1052 492 1269 563 camertem,
1284 490 1559 552 mortemaatem
1569 489 1692 551 crucis
1707 487 1855 549 Humilis

202 590 289 667 quod
304 590 344 651 de
361 589 498 665 Virgine
519 590 669 666 sumpsit,
694 605 738 650 ex
759 589 873 651 multis
894 604 999 650 mem·
1052 587 1141 649 enim
1151 587 1214 650 tuit
1223 587 1300 665 quia
1308 602 1414 661 qaam
1425 588 1577 659 insomnia
1585 588 1650 647 Dei
1663 587 1768 656 esset,
1784 600 1854 647 661

201 686 271 747 bris
286 688 379 764 puris
394 687 435 747 ab
445 686 535 747 omni
549 687 676 764 peccati
692 687 823 748 macula
835 687 997 747 immuni·
1051 690 1216 760 rapinam
1234 685 1426 746 arbitratus
1438 685 1490 746 est
1504 698 1579 745 erse
1590 687 1853 757 66116166ιῦ66,

201 783 264 845 bus
286 784 447 846 consistit.
473 785 575 845 'tatus
597 783 687 844 enim
707 784 858 845 Christus
872 784 922 845 est
937 782 997 845 sul)
1051 786 1111 845 sca
1124 783 1346 856 semetipsam
1360 781 1568 852 6616661611,
1587 783 1742 855 (omnam
1755 785 1855 842 cerat

203 881 434 958 speciepanis,
450 882 483 942 et
498 882 585 942 totus
599 880 660 941 sub
675 881 786 957 specie
800 881 929 942 riniln
945 881 997 942 his
1052 884 1223 955 accipiens
1248 880 1283 942 et
1304 880 1422 941 babila
1442 878 1604 939 inventas
1627 879 1668 938 at
1689 883 1804 940 116116.
1825 880 1852 939 0

202 981 314 1040 autem
334 978 462 1039 duobus
486 993 522 1039 se
545 978 619 1040 ideo
640 978 739 1051 dedit,
756 979 793 1040 ut
811 978 998 1040 ostenderet
1053 976 1295 1040 inaestimabilis
1324 976 1467 1053 Spiritus
1507 976 1621 1037 Sancti
1663 975 1851 1047 humilitas,

202 1092 238 1137 se
250 1076 352 1137 totam
366 1076 519 1136 naturam
531 1075 721 1147 humanam,
729 1076 825 1148 idest,
834 1091 954 1153 corpus
966 1076 1000 1137 et
1053 1092 1127 1153 quae
1142 1091 1209 1137 non
1225 1073 1405 1136 secundum
1420 1088 1521 1150 opera
1535 1088 1609 1150 quae
1621 1071 1765 1133 lecimus
1777 1088 1851 1145 nos,

201 1173 348 1233 animam
362 1173 595 1250 assumpsisse,
617 1175 652 1234 ut
667 1175 841 1250 utrumque
856 1174 1000 1236 redime·
1053 1173 1111 1234 sed
1134 1172 1314 1234 secundum
1337 1187 1433 1232 suam
1455 1169 1721 1231 misericordiam
1742 1169 1853 1231 salros

201 1270 263 1331 ret.
289 1270 390 1330 Panis
412 1284 492 1344 ergo
512 1269 555 1330 ad
576 1286 696 1348 corpus
717 1270 870 1343 retertur,
885 1271 999 1333 vinum
1054 1287 1115 1332 nos
1128 1270 1207 1332 iecit
1229 1273 1279 1331 10
1299 1269 1409 1331 Patris
1430 1268 1590 1345 potentia,
1610 1283 1685 1345 quae
1699 1283 1762 1344 per
1775 1283 1852 1329 cru-

200 1367 242 1428 ad
265 1367 421 1439 animam,
439 1368 517 1444 quia
531 1367 645 1427 vinum
669 1369 866 1444 sanguinem
880 1384 1001 1445 opera·
1054 1384 1127 1429 cem
1150 1369 1278 1430 hostem
1299 1365 1487 1443 improbum
1509 1366 1694 1443 superavitl
1725 1367 1752 1426 0
1775 1365 1851 1426 Filii

200 1464 305 1526 turin
320 1480 385 1541 quo
400 1464 495 1526 sedes
510 1464 668 1527 animaea
687 1466 834 1542 physicis
856 1481 929 1527 esse
948 1465 1001 1527 di·
1053 1466 1229 1543 sapientia,
1243 1464 1368 1543 quaead
1380 1464 1489 1526 crucis
1500 1464 1647 1541 stipitem
1663 1464 1850 1539 serpentem

202 1562 299 1623 citur.
314 1562 391 1622 Ideo
408 1577 487 1636 erga
508 1562 543 1623 in
565 1562 693 1623 duabus
713 1562 885 1640 speciebus
910 1563 999 1625 6616-
1053 1564 1210 1626 callidum
1231 1564 1396 1639 alligavit!
1422 1565 1447 1624 0
1470 1562 1614 1638 Spiritus
1636 1561 1753 1621 Sancti
1780 1561 1851 1637 pie-

201 1657 319 1718 bratur
351 1657 414 1718 hoc
447 1661 715 1731 Sacramentum,
748 1661 784 1722 ut
813 1661 934 1722 animae
966 1664 998 1723 et
1052 1657 1850 1739 116,6161161166611111111661161111110

202 1754 351 1831 corporis
372 1756 538 1831 susceptio
562 1756 717 1818 credatur
735 1757 770 1817 in
792 1758 942 1831 Christo,
966 1760 998 1820 et
1052 1760 1179 1835 lignum
1193 1759 1350 1826 salutare,
1366 1757 1401 1818 in
1416 1773 1480 1833 quo
1495 1756 1586 1817 salus
1602 1755 1718 1816 nostra
1733 1770 1851 1830 pepen-

201 1851 374 1928 utriusque
383 1850 535 1913 liberatio
546 1853 580 1913 in
589 1852 684 1914 nobis
695 1854 910 1928 significetur,
920 1856 998 1933 quia
1053 1857 1120 1918 diti
1135 1859 1160 1918 Ο
1173 1855 1273 1919 arbor
1290 1854 1461 1916 fructifera
1477 1870 1521 1915 ex
1543 1869 1607 1930 qua
1627 1851 1758 1913 tructus
1774 1852 1849 1913 ritae

201 1962 260 2025 per
274 1963 394 2024 corpus
407 1964 546 2026 corpora
562 1950 714 2010 Christus
725 1950 876 2024 redemit,
893 1953 926 2013 61
939 1968 999 2029 per
1053 1954 1253 2031 percipitur!
1271 1955 1295 2014 Ο
1311 1952 1421 2031 palma
1435 1950 1595 2022 victoriae,
1611 1965 1655 2010 ex
1667 1965 1734 2025 qua
1747 1949 1776 2009 ii
1793 1949 1848 2025 qui

200 2045 346 2106 animam
359 2045 488 2107 animas
502 2045 669 2109 liberarit.
1052 2052 1088 2113 in
1101 2052 1208 2114 stadio
1223 2050 1372 2121 currunt,
1395 2048 1493 2111 modo
1513 2047 1729 2120 coronantur,
1749 2048 1785 2107 et
1799 2062 1851 2108 ac·

241 2143 387 2203 Tertium
398 2142 449 2204 est
456 2145 662 2205 consecratio
675 2144 876 2207 chrismatis,
889 2147 1000 2207 Chris·
1053 2149 1180 2225 cipiunt
1193 2148 1338 2225 palmas!
1356 2147 1435 2220 Quis
1446 2146 1535 2207 enim
1549 2160 1691 2222 pensare
1705 2143 1849 2205 sufficiat

201 2254 254 2299 ma
268 2240 442 2301 coniicitur
452 2241 576 2302 exoleo
591 2241 792 2304 etbalsamo.
810 2246 875 2305 Per
888 2245 996 2305 oleum

201 2336 348 2398 charitas
371 2337 586 2414 intelligitur,
610 2339 688 2416 quia
711 2340 797 2402 siout
815 2340 924 2402 oleum
941 2357 1000 2402 su-

200 2433 355 2509 pernatat
378 2434 546 2495 universis
565 2434 767 2511 liquoribus,
791 2436 837 2497 ita
851 2436 997 2499 charitas

200 2530 324 2591 eminet
338 2530 503 2592 uniuersis
518 2532 706 2593 virtutibus.
732 2533 824 2594 Unde
848 2534 972 2595 Paulus
989 2556 995 2594 :

198 2628 444 2699 Maporaaiem
467 2632 521 2689 bis
543 2630 596 2690 est
617 2630 780 2692 ebaritas.
804 2630 997 2693 Perbalsa-

200 2739 290 2783 mum
303 2723 384 2783 tides
401 2725 604 2799 designatur,
621 2727 709 2803 quia,
727 2729 812 2790 sicut
825 2727 907 2790 odor
920 2729 996 2790 bal·

200 2821 285 2881 sami
297 2820 397 2881 latius
414 2820 609 2883 ditihnditur
623 2823 753 2884 caeteris
766 2825 933 2896 odoribus,
951 2827 997 2888 ita

201 2917 283 2978 tides
296 2917 418 2979 Christi
431 2917 583 2979 omnibus
594 2919 773 2981 uirtutibus
787 2937 846 2998 per
860 2923 998 2984 univer-

202 3031 275 3075 sum
291 3014 404 3077 orbem
421 3014 574 3078 diiihsius
595 3015 762 3079 dilatatur.
786 3019 879 3080 Unde
891 3023 998 3096 Apos-

199 3113 312 3175 tolus:
331 3116 434 3174 maes
456 3114 576 3175 vestra
590 3115 821 3177 annuntiatur
833 3120 997 3179 universa

200 3213 328 3271 maaria
344 3208 454 3289 (Rom.
470 3226 493 3282 1,
510 3209 556 3289 8).
572 3213 637 3271 Per
658 3209 862 3274 ablutionem
876 3213 996 3291 pedum

200 3307 376 3383 implemus
391 3306 474 3368 illud
494 3309 579 3384 quod
594 3309 753 3371 Dominus
767 3311 919 3388 praecipit
929 3327 995 3373 no-

199 3404 272 3464 bis:
298 3408 507 3478 Exemplum
525 3407 602 3466 dedi
627 3410 721 3468 cabis
742 3408 781 3468 at
810 3409 845 3469 et
866 3424 928 3470 666
946 3412 996 3471 ita

1053 2249 1185 2324 quantae
1209 2245 1406 2307 humilitatis
1435 2242 1546 2314 tuerit,
1576 2241 1662 2319 quod
1686 2241 1848 2302 Dominus

1053 2345 1128 2406 ooeli
1143 2343 1285 2406 ettemae
1306 2357 1408 2404 carne
1426 2339 1558 2407 mortali
1586 2337 1681 2399 indui
1695 2337 1805 2399 soluit
1817 2339 1850 2400 61

1052 2442 1212 2517 cruciligi,
1227 2441 1259 2501 et
1269 2440 1407 2501 mortem
1422 2436 1628 2515 corporalem
1637 2435 1729 2513 patit

1093 2542 1131 2600 ln
1145 2537 1297 2599 omnibus
1316 2535 1473 2598 membris
1497 2535 1566 2595 suis
1588 2547 1707 2611 passus
1728 2532 1791 2603 est,
1813 2533 1849 2593 ut

1052 2637 1165 2698 nostra
1180 2651 1256 2697 ossa
1268 2633 1449 2711 repararet,
1465 2634 1500 2694 ei
1516 2632 1552 2692 in
1571 2631 1625 2692 his
1644 2632 1847 2692 161161611-

1052 2733 1150 2797 nibus
1165 2732 1300 2810 peccata
1312 2732 1436 2802 nostra,
1450 2729 1546 2798 idest,
1558 2743 1690 2805 poenam
1700 2728 1850 2804 peccato·

1051 2846 1125 2891 rum
1153 2831 1342 2891 nostrorum
1371 2826 1507 2904 pertulit
1538 2826 1574 2886 in
1608 2840 1750 2901 corpore
1775 2840 1847 2885 suo.

1052 2929 1148 3001 Nam,
1167 2927 1245 3004 quia
1264 2927 1336 3003 ipse
1350 2925 1523 3001 ingressus
1537 2926 1588 2984 est
1603 2922 1766 2983 mundum
1777 2922 1849 2981 sine

1051 3024 1193 3096 macula,
1218 3025 1251 3085 61
1276 3023 1446 3101 peccatum
1467 3035 1534 3082 non
1557 3019 1646 3090 iecit,
1670 3035 1734 3080 nec
1754 3018 1847 3079 dolus

1050 3122 1206 3182 inventus
1228 3121 1280 3182 est
1307 3121 1342 3181 in
1364 3134 1422 3180 ore
1440 3120 1529 3195 ejus,
1555 3116 1711 3194 princeps
1735 3114 1846 3175 mundi

1051 3219 1150 3295 hauns
1165 3233 1232 3279 non
1246 3217 1362 3278 habuit
1377 3216 1411 3277 in
1426 3231 1466 3276 eo
1481 3213 1673 3292 quidquam.

1090 3315 1168 3377 Tria
1191 3315 1267 3376 sunt
1289 3330 1362 3391 queo
1396 3312 1530 3390 peccata
1553 3310 1747 3372 redimunt:
1768 3323 1846 3369 uera

1049 3412 1253 3484 innocentia,
1265 3412 1414 3474 districta
1434 3408 1642 3487 poenitentia,
1657 3407 1846 3470 uoluntaria

198 3504 346 3576 faciatis.
364 3504 428 3562 Per
448 3501 662 3564 reiectionem
683 3503 773 3565 aliud
795 3508 995 3583 praeceptum

198 3599 332 3661 Domini
355 3599 586 3676 adimplemus,
602 3616 667 3677 quo
688 3600 791 3663 dixit:
808 3604 995 3665 116166166-

197 3696 549 3870 111161111311161611111
567 3696 690 3758 munda
705 3699 783 3760 sunt
793 3698 888 3761 vohis
899 3697 992 3780 (Luc.

1050 3510 1271 3587 eleemosyna.
1280 3509 1379 3586 Siqui
1389 3506 1572 3585 pudibundi
1582 3505 1703 3567 suntet
1711 3504 1846 3581 peccata

1050 3623 1110 3670 sua
1125 3610 1253 3683 majora
1274 3607 1308 3668 et
1321 3607 1450 3666 minora
1470 3602 1623 3665 confiteri
1635 3600 1846 3673 erubescunt,

1049 3704 1222 3768 attendant
1234 3702 1452 3779 ignominiam
1473 3700 1594 3773 crucis,
1618 3714 1714 3777 quam
1730 3698 1848 3758 Domi-

1048 3818 1113 3864 nus
1139 3801 1288 3863 humeris
1319 3801 1390 3860 suis
1418 3798 1574 3876 portavit,
1608 3794 1694 3857 6161
1720 3809 1847 3870 corpus

1049 3915 1145 3960 suum
1180 3897 1221 3960 ab
1258 3898 1349 3960 omni
1383 3897 1519 3973 peccato
1553 3896 1700 3955 immune
1726 3890 1845 3962 affixit,

1048 3996 1155 4058 morte
1165 3995 1357 4071 turpissima
1367 3993 1615 4063 condemnatus,
1630 3992 1667 4051 ut
1681 4004 1741 4067 per
1756 3988 1846 4050 illam

533 3985 661 4074 XXIV

1048 4089 1740 4169 ignominiosamerubescentiamnostram
1755 4100 1848 4147 saue·
1972 4072 1973 4143 l

382 4189 427 4250 IN
449 4191 518 4252 DIE
539 4190 824 4253 PARiSCEVEN.

1048 4206 1133 4261 mur,
1150 4190 1183 4252 61
1201 4189 1336 4267 peccata
1360 4187 1474 4248 nostra
1493 4184 1712 4251 abducentem
1727 4185 1760 4245 et
1773 4199 1846 4244 cum

1048 4287 1177 4348 latrone
1197 4286 1395 4363 pendentem
1415 4283 1451 4344 in
1470 4298 1569 4343 cruce
1591 4296 1795 4342 veneremur
1816 4280 1847 4341 et

235 4385 994 4462 61661616616611666166116
1048 4383 1236 4445 adoremus.
1575 4450 1580 4461 ,

195 4487 353 4546 obediam
375 4499 483 4557 aeque
505 4486 550 4546 aa
571 4485 731 4557 mortem
754 4487 904 4548 mortem
924 4501 992 4547 aa·
1089 4481 1172 4542 sunt
1183 4481 1243 4542 alii
1257 4479 1391 4557 superbi
1402 4479 1459 4556 qui
1471 4477 1607 4556 peccata
1617 4491 1681 4538 sua
1696 4473 1845 4537 confiteri

195 4581 388 4641 tamcracic
403 4579 540 4658 (Philip.
554 4597 591 4653 11,
607 4580 654 4660 3).
1047 4579 1279 4654 dedignantur,
1296 4579 1498 4653 ettanquam
1508 4590 1639 4651 semper
1653 4574 1845 4651 peccatores

235 4678 327 4737 Inter
339 4677 461 4738 cratera
471 4694 544 4754 quae
557 4678 715 4740 Dominus
729 4681 747 4742 J
750 4695 826 4740 esus
842 4681 991 4741 Christus
1046 4676 1212 4748 laetantur,
1225 4691 1325 4754 quum
1338 4674 1424 4735 male
1439 4673 1589 4743 iecerint,
1606 4672 1641 4733 et
1654 4671 1847 4733 exaltantur

194 4773 328 4833 virtutis
342 4773 493 4849 exempla
509 4775 717 4837 credentibus
732 4776 887 4851 ostendit,
909 4794 993 4855 qna·
1046 4774 1081 4834 in
1095 4772 1194 4834 rebus
1207 4772 1371 4849 pessimis.
1396 4771 1450 4842 Hi,
1473 4770 1502 4831 si
1521 4769 1643 4830 Filium
1666 4768 1729 4829 Dei
1745 4781 1845 4845 usque

193 4871 270 4932 tuor
283 4869 502 4947 spiritualiter
515 4872 664 4943 virtutes,
682 4874 834 4934 omnibus
851 4890 993 4951 genera·
1046 4870 1087 4931 ad
1103 4870 1241 4931 mortem
1260 4868 1471 4929 humiliatum
1494 4867 1678 4938 attendant,
1699 4866 1735 4927 et
1748 4865 1845 4943 hujus

195 4968 274 5029 liter
301 4967 473 5044 proposuit
504 4967 546 5027 ad
581 4969 780 5054 exemplum,
812 4971 989 5034 videlicet:
1044 4968 1122 5030 vitae
1137 4966 1412 5037 horambrerem,
1429 4966 1463 5026 et
1479 4965 1579 5026 certae
1593 4963 1714 5023 martis
1729 4964 1842 5024 incer·

194 5065 434 5137 Humilitatem,
470 5064 676 5141 patientiam,
710 5066 931 5130 obedientiam
959 5070 992 5131 et
1045 5067 1112 5127 tarn
1138 5064 1255 5125 horam
1299 5062 1498 5138 intelligant,
1532 5063 1565 5122 61
1598 5061 1656 5137 qui
1693 5058 1844 5134 exemplo
1972 5112 1973 5115 ,

194 5162 403 5234 charitatem,
415 5177 509 5240 quas,
521 5177 564 5223 ex
575 5164 752 5239 propositis
764 5166 875 5226 verbis
884 5168 992 5243 Apos-
1046 5162 1167 5223 Christi
1182 5161 1305 5237 corrigi
1320 5160 1499 5232 noluerint,
1515 5158 1634 5221 saltem
1649 5160 1759 5219 morte
1772 5159 1843 5233 ejus
1972 5180 1973 5245 3

192 5261 265 5332 toli,
280 5261 316 5323 in
331 5260 403 5338 ipso
425 5260 529 5321 luisse
550 5259 766 5335 singulariter
778 5263 989 5325 considerare
1045 5259 1214 5337 perterriti
1237 5259 1459 5334 corrigantur,
1490 5258 1526 5318 ut
1549 5271 1624 5316 cum
1649 5254 1844 5316 centurione
1972 5338 1973 5341 Ἴ

193 5356 361 5417 debemus.
387 5356 565 5417 Humilitas
585 5356 674 5417 enim
693 5359 941 5420 commendatur
955 5361 989 5420 in
1045 5358 1179 5418 dicant:
1202 5361 1287 5417 Vere
1310 5359 1420 5418 Filias
1442 5357 1507 5416 Dei
1530 5353 1608 5415 crat
1633 5353 1699 5414 iric
1713 5349 1843 5430 (matth.
1972 5410 1973 5413 ,

194 5467 234 5511 66
249 5453 334 5528 quod
352 5453 423 5513 ait:
446 5454 654 5515 Humiliaatt
680 5456 913 5529 semetipsam.
930 5459 991 5518 Pe·
1045 5452 1232 5532 1111154).
1972 5462 1973 5473 ’

193 5547 323 5619 tientia,
340 5549 529 5612 obedientia
548 5551 581 5612 et
595 5551 989 5615 charitascommendan-
1085 5552 1167 5614 Sunt
1190 5551 1249 5612 alii
1275 5549 1332 5628 qui
1353 5548 1534 5626 gravedine
1548 5547 1763 5631 peccatorum
1777 5543 1844 5605 iem
1972 5524 1973 5611 Ξ

194 5642 296 5702 turin
315 5659 354 5704 66
369 5646 454 5720 quod
472 5647 543 5708 ait:
568 5651 695 5711 Facias
708 5653 865 5712 obediens
883 5668 989 5726 iisque
1044 5649 1179 5711 omuino
1201 5648 1384 5726 desperati;
1417 5646 1451 5708 hi
1474 5661 1548 5708 cum
1580 5643 1759 5720 discipulis
1789 5640 1845 5721 qui
