3936 6182
194 325 253 386 459

195 482 374 546 temerario
387 482 564 545 contraire.
589 483 623 544 Si
648 482 722 561 quis
744 485 854 544 autem
867 483 931 545 hoc
944 484 998 546 at—

194 582 325 643 tentare
339 581 598 659 praesumpserit,
610 580 873 657 indignationem
888 582 997 643 omni-

196 679 340 757 potentis
348 679 408 740 Dei
416 681 449 741 ct
458 678 629 740 beatorum
637 677 727 740 Petri
740 680 773 739 et
786 678 882 739 Pauli
890 684 997 756 Apos-

196 776 339 839 tolorum
354 779 428 854 ejus
443 793 479 837 se
494 777 624 837 noverit
637 776 861 837 incursurum.

235 876 353 936 Datum
370 874 997 952 1119119111119119111191191199911-

196 973 314 1035 ilcatus
328 973 435 1035 nostri
447 987 535 1034 anno
548 971 706 1033 secundo.

234 1170 998 1246 naama-QuodsiePaganorumsivesarace

197 1284 317 1329 norum
331 1268 485 1329 manibus
500 1268 681 1345 eripiendae
693 1270 789 1331 erant
802 1267 994 1344 provinciae,

196 1367 278 1429 olim
300 1366 492 1428 christianis
515 1365 720 1444 principibus
741 1365 908 1443 subjectae,
930 1367 999 1428 Ro-

197 1463 287 1524 mani
303 1463 481 1524 Pontifices
496 1478 578 1533 rem,
595 1463 729 1541 quantis
744 1463 907 1540 poterant,
917 1478 999 1524 con·

197 1562 283 1621 siliis
296 1561 330 1622 et
343 1559 517 1623 conatibus
524 1562 692 1638 juvantes,
707 1577 748 1622 aa
763 1561 953 1623 conditione
965 1560 999 1622 et

197 1660 351 1736 pactione
374 1658 575 1720 accedebant
598 1658 640 1720 ad
659 1658 785 1719 bellum
800 1657 996 1733 urgendum,

197 1757 233 1817 ut
247 1756 415 1833 principes
437 1756 579 1817 victores
602 1756 733 1832 ereptas
749 1755 848 1816 urbes
870 1756 905 1816 in
920 1754 998 1817 leu-

198 1854 276 1916 dum
297 1870 317 1914 a
340 1857 489 1915 Romana
515 1853 663 1914 Ecclesia
689 1853 809 1915 exindo
837 1869 1000 1930 agnosce-

200 1953 296 2023 rent,
326 1952 422 2028 eique
460 1966 596 2012 censum
632 1951 869 2029 persolverent.
903 1955 999 2013 Anno

199 2048 417 2121 Christi1073,
429 2049 607 2125 Gregorius
619 2051 691 2121 Vll,
706 2049 764 2110 lib.
781 2050 806 2121 1,
823 2049 953 2125 epistol.
966 2053 997 2121 7,

199 2146 329 2208 litteras
341 2146 382 2207 ad
398 2146 572 2208 universos
585 2146 752 2224 principes
764 2146 863 2218 dedit,
880 2146 999 2224 quibus

197 2243 529 2322 patefecitaregnum
543 2237 711 2322 Hispaniae
722 2244 763 2305 ab
774 2245 910 2321 antiquo
922 2260 1002 2323 pro-

201 2342 268 2420 prii
278 2342 366 2420 juris
382 2342 495 2403 Sancti
514 2343 605 2404 Petri
624 2341 740 2415 luisse,
757 2344 791 2403 et
808 2342 917 2403 adbuc
937 2341 999 2403 soli

199 2439 398 2517 Apostolicae
430 2440 507 2501 Sedi
540 2455 583 2500 ex
603 2455 688 2516 equo
709 2440 887 2516 pertinere.
903 2457 922 2500 a
936 2442 1000 2501 Eos

203 2538 343 2614 proinde
366 2536 533 2608 sollicitat,
555 2536 592 2597 ut
610 2552 646 2598 se
671 2537 784 2598 comiti
807 2537 849 2598 de
877 2539 1000 2614 Rocejo

200 2633 354 2712 jungant,
372 2635 486 2694 contra
505 2649 653 2710 paganos
674 2634 773 2695 terrae
788 2634 880 2695 illius
897 2651 1000 2696 usur-

204 2732 337 2809 pateres
345 2732 649 2808 progressurocqui
658 2732 744 2793 hanc
752 2733 1000 2795 concessionem

205 2829 246 2891 ab
260 2828 450 2907 Apostolica
473 2828 557 2890 Sede
583 2828 736 2902 obtinuit,
752 2832 789 2893 ut
807 2831 935 2908 partem
953 2831 1000 2891 il-

203 2926 281 3000 lam,
306 2927 393 2988 unde
416 2942 563 3003 paganos
584 2943 645 2988 suo
664 2927 784 3001 studio,
799 2930 833 2990 91
846 2928 1001 3006 adjuncto

205 3023 269 3086 sibi
292 3024 435 3086 aliorum
456 3023 584 3085 auxilio
608 3025 776 3102 expellere
797 3027 918 3102 posset,
941 3026 1002 3088 sub

206 3123 395 3184 conditione
422 3123 510 3184 inter
544 3138 605 3183 nos
630 3121 725 3185 lactae
751 3122 928 3201 pactionis,
960 3140 1003 3186 ex

203 3214 297 3299 parte
310 3221 423 3283 Sancti
436 3221 527 3283 Petri
541 3221 1004 3298 possideret›.1taBerenga·

204 3319 1004 3397 rina,Barchincnensiscomes,ereptamSarace-

206 3418 259 3479 nis
286 3419 569 3479 Tarraconensem
596 3416 763 3478 civitatem
792 3433 879 3479 anno
906 3419 1002 3491 1090,

206 3516 402 3591 uectigalem
415 3514 486 3576 lore
499 3518 656 3577 Romanae
671 3514 828 3576 Ecclesiae
846 3515 1002 3578 decrevit.

207 3612 481 3690 Perpendendum
497 3627 626 3688 quoque
639 3613 737 3684 esset,
754 3629 834 3674 num
846 3628 889 3674 91
904 3613 1004 3674 simili

207 3708 371 3788 pactione,
392 3709 548 3770 eodemve
562 3707 671 3781 titulo,
692 3708 914 3786 potiusquam
930 3710 1005 3772 aliis

207 3806 450 3883 antiquioribus
485 3804 714 3867 contenderint
747 3805 827 3868 olim
866 3809 1006 3869 Romani

208 3905 403 3976 Pontifices,
425 3903 478 3963 sui
499 3903 588 3979 J'uris
614 3918 687 3964 esse
710 3904 874 3980 Apuliam,
905 3906 1006 3967 Gala-

207 4003 327 4071 briam,
342 4004 442 4078 atque
462 4000 621 4061 Siciliam.
638 4001 723 4060 Nam
738 4001 796 4062 rix
808 4018 865 4063 eas
878 4004 1006 4065 North-

208 4100 334 4168 manni,
363 4097 541 4160 Saracenis
566 4099 599 4159 et
629 4098 753 4160 Graecis
781 4100 945 4177 expulsis,
972 4103 1007 4164 in

210 4213 304 4257 suam
311 4196 507 4272 potestatem
519 4195 689 4271 redegere,
697 4196 904 4274 quumiidem
919 4201 1009 4261 Pon-

209 4294 316 4356 tifices
331 4296 471 4372 utroque
485 4293 597 4369 gladio
611 4295 726 4356 exerto
741 4294 817 4356 illos
834 4282 1006 4375 compule-

209 4394 289 4456 runt
309 4393 351 4454 ad
370 4409 409 4454 ea
426 4408 530 4469 regna
548 4391 762 4455 beneficiario
781 4394 877 4456 titulo
895 4410 915 4455 a
941 4398 1010 4457 Ro-

209 4508 309 4555 mana
325 4491 409 4553 Sede
423 4490 626 4566 recipienda.
642 4490 690 4552 Ad
706 4490 778 4552 haec
790 4492 850 4552 alii
862 4491 1006 4565 fuerunt,

211 4591 268 4668 qui
284 4590 320 4651 ut
333 4590 479 4650 validum
494 4589 670 4665 patronum
680 4588 716 4649 in
728 4591 878 4651 Romano
893 4591 1010 4653 Ponti-

209 4688 272 4749 1199
290 4686 451 4748 haberent
469 4686 629 4747 adversus
650 4686 862 4762 potentiores,
888 4688 922 4751 et
949 4688 1009 4750 sub

209 4786 284 4861 ejus
296 4783 501 4860 protectione
512 4796 547 4842 se
557 4796 596 4841 ac
610 4797 670 4841 sua
684 4780 817 4844 facilius
824 4783 1007 4859 tuerentur,

818 324 996 387 HONORII
1018 326 1063 386 111
1085 328 1233 389 OPERA.

1050 485 1127 547 aliis
1150 487 1234 548 actis
1253 486 1294 548 ab
1320 486 1435 548 eodem
1460 489 1603 566 Rpmero
1626 489 1740 563 editis,
1762 491 1852 554 idem
1964 466 1965 519 Ὗ

1050 594 1112 646 rex
1123 584 1382 646 accersebatur«
1390 585 1430 646 ad
1443 584 1631 649 iaciendum
1642 588 1850 665 homagium,

1050 682 1083 743 et
1097 682 1137 742 ad
1151 683 1392 744 emendandum
1405 699 1562 744 excessus
1576 684 1682 747 factos
1697 685 1851 748 homini-

1050 776 1111 836 bus
1146 776 1270 837 domini
1303 777 1392 852 regis
1425 777 1555 851 Angliae
1586 778 1628 839 ab
1657 780 1853 843 hominibus

1049 875 1148 935 terrae
1161 890 1241 934 suae.
1256 892 1274 934 a
1287 876 1377 936 Inter
1391 876 1491 936 hosce
1503 875 1654 937 turbines
1668 877 1854 940 arbitratus

1051 972 1100 1033 cst
1114 972 1182 1044 ille,
1199 988 1262 1033 ere
1274 989 1335 1033 sua
1347 972 1504 1045 futurum,
1521 974 1549 1034 si
1560 974 1705 1036 insulam
1718 976 1762 1036 de
1776 978 1853 1037 blan

1051 1071 1208 1131 Romanae
1228 1069 1384 1131 Ecclesiae
1410 1070 1497 1132 dono
1511 1072 1616 1143 daret,
1632 1074 1735 1150 atque
1754 1073 1798 1134 ab
1815 1090 1854 1135 ea

1050 1167 1171 1228 iterum
1183 1168 1349 1244 acciperet
1366 1168 1499 1229 nomine
1514 1168 1615 1241 teudi,
1626 1172 1660 1231 et
1671 1186 1733 1247 pro
1750 1187 1855 1232 censu

1051 1264 1225 1326 duodecim
1239 1265 1393 1326 marchas
1409 1266 1644 1343 sterlingorum
1657 1268 1854 1344 paciscere-

1051 1363 1203 1426 turhcta
1213 1378 1267 1424 res
1279 1366 1330 1425 est
1341 1379 1430 1425 anno
1441 1365 1531 1424 1219.
1544 1367 1584 1427 Et
1596 1366 1758 1441 quoniam
1772 1369 1857 1444 Ray-

1052 1461 1170 1523 naldus
1194 1460 1230 1521 in
1250 1464 1718 1524 Α1119119.Ε99199199119.91
1746 1479 1792 1524 ex
1817 1480 1855 1526 eo

1053 1562 1215 1637 itymerus
1234 1559 1383 1621 chartam
1398 1559 1603 1622 decurtatam
1621 1561 1751 1630 attulit,
1765 1562 1856 1622 inte-

1052 1672 1146 1732 gram
1160 1672 1222 1732 ego
1235 1656 1351 1718 lectori
1365 1658 1520 1730 statuam,
1537 1658 1646 1735 qualis
1660 1659 1697 1719 in
1709 1660 1856 1735 Regeeto

1053 1756 1122 1815 MS.
1138 1754 1252 1815 Cencii
1264 1754 1440 1815 camerarii
1451 1754 1584 1830 legitur.

1053 1969 1197 2030 Litterae
1210 1971 1380 2043 cognomi
1401 1973 1497 2046 repta
1513 1972 1710 2031 tricatiorum
1731 1973 1781 2031 od
1799 1973 1858 2032 dc-

1094 2069 1228 2127 ncinum
1244 2070 1391 2141 Papam,
1405 2069 1526 2140 qzctbos
1537 2066 1682 2127 tradidit
1691 2071 1857 2129 Ecclesia

1092 2169 1260 2227 Rananoe
1278 2168 1429 2225 insulam
1444 2167 1486 2224 de
1504 2166 1600 2232 1199,
1620 2165 1654 2225 91
1666 2166 1805 2239 recepit
1817 2168 1857 2226 ob

1094 2265 1214 2325 eodem
1226 2265 1263 2323 tn
1276 2264 1417 2337 seacdzem
1434 2264 1494 2322 suh
1509 2277 1625 2323 annaeo
1641 2277 1750 2322 censu
1769 2265 1857 2323 duo-

1094 2364 1203 2423 decim
1230 2374 1431 2421 marcaram
1459 2360 1729 2435 sterltnpomcm,
1764 2374 1857 2420 onata

1096 2459 1185 2520 1219.

1097 2635 1312 2698 sanctissimo
1328 2635 1414 2711 patri
1429 2635 1462 2695 91
1473 2634 1606 2695 domino
1619 2635 1785 2707 Honorio,
1799 2634 1856 2695 Dei

1055 2735 1163 2810 gratia
1177 2737 1311 2794 Summo
1327 2731 1491 2803 Pontidci,
1508 2732 1716 2808 Reginaldus
1727 2749 1793 2793 rex
1807 2732 1858 2792 in-

1056 2833 1216 2904 sularum,
1238 2829 1557 2892 commendationem
1575 2832 1650 2892 cum
1669 2830 1789 2892 osculo
1807 2844 1859 2907 pe

1056 2931 1145 2991 dum.

1096 3026 1235 3089 Noverit
1261 3026 1376 3088 sancta
1404 3025 1592 3087 paternitas
1617 3024 1743 3094 vestra,
1773 3023 1857 3102 quod

1057 3142 1127 3197 999,
1145 3125 1182 3185 91
1193 3125 1371 3202 participes
1386 3123 1489 3183 simus
1504 3122 1678 3195 bonorum,
1689 3138 1766 3200 quae
1776 3122 1861 3182 fiunt

1057 3224 1092 3285 in
1107 3222 1256 3284 Ecclesia
1276 3224 1437 3293 Romana,
1454 3221 1495 3281 ad
1510 3220 1728 3281 monitionem
1741 3220 1777 3280 91
1796 3235 1857 3280 ex-

1058 3320 1279 3382 hortationem
1292 3318 1403 3379 dilecti
1416 3318 1521 3394 patris
1536 3317 1642 3378 nostri
1657 3320 1684 3377 P
1686 3360 1762 3377 ......
1773 3318 1859 3377 Ν91-

1058 3418 1215 3481 wicensis
1234 3416 1342 3487 electi,
1366 3416 1543 3476 camerarii
1569 3416 1603 3477 et
1620 3415 1724 3491 iegati
1742 3414 1854 3485 vestri,

1060 3517 1208 3577 dedimus
1236 3513 1269 3576 et
1293 3513 1473 3575 obtulimus
1490 3512 1521 3573 91
1545 3512 1679 3574 nomine
1701 3512 1857 3573 Ecclesiae

1060 3618 1229 3685 Romanae,
1246 3613 1279 3674 et
1290 3611 1411 3682 vestro,
1429 3611 1462 3671 et
1473 3609 1714 3671 catholicorum
1725 3624 1859 3670 succes-

1061 3727 1173 3773 sorum
1184 3709 1382 3780 vestrorum,
1397 3707 1542 3768 insulam
1550 3707 1698 3769 nostram
1713 3706 1756 3767 de
1770 3708 1856 3776 11111,

1061 3824 1134 3886 quas
1149 3807 1189 3868 ad
1207 3822 1268 3867 nos
1278 3808 1356 3883 jure
1374 3804 1587 3867 haereditario
1602 3804 1803 3880 perductet
1820 3802 1859 3864 de

1061 3899 1853 3983 quenullitenemuraliquodservitinmsacere.
1964 3936 1965 3939 κ

1061 4003 1260 4078 Etdeinceps
1275 4015 1336 4061 nos
1351 3999 1384 4061 et
1402 3999 1552 4060 haeredes
1566 3999 1672 4059 nostri
1685 3998 1721 4058 in
1736 4012 1859 4075 perpe·
1964 3992 1965 4045 l

1060 4102 1153 4163 tuum
1164 4098 1350 4161 tenebimus
1365 4098 1401 4157 in
1420 4095 1554 4157 feudum
1573 4095 1697 4157 dictam
1717 4095 1861 4156 insulam
1964 4108 1965 4117 ¹

1062 4198 1104 4259 ab
1113 4196 1261 4259 Ecclesia
1276 4198 1436 4265 Romana,
1451 4195 1484 4255 et
1495 4193 1656 4255 faciemus
1671 4195 1716 4266 ei,
1728 4194 1862 4269 propter

1062 4296 1135 4366 hoc,
1152 4293 1343 4369 homagium
1361 4293 1394 4353 91
1410 4291 1614 4352 fidelitatem.
1631 4291 1671 4352 nt
1690 4291 1727 4351 in
1740 4305 1859 4365 recog-

1062 4393 1222 4454 nitionem
1240 4389 1394 4461 dominii,
1422 4389 1558 4449 nomine
1579 4404 1712 4460 censue,
1739 4403 1800 4449 nos
1828 4386 1859 4446 et

1063 4490 1211 4551 haeredes
1227 4487 1333 4548 nostri
1347 4486 1383 4546 in
1398 4486 1591 4563 perpetuum
1606 4486 1783 4547 annuatim
1795 4483 1860 4544 sol·

1062 4603 1178 4650 remus
1195 4585 1352 4647 Ecclesiae
1367 4587 1527 4646 Romanae
1542 4583 1717 4644 duodecim
1731 4596 1859 4644 marcas

1064 4684 1298 4758 sterlingorum
1312 4682 1347 4742 in
1365 4682 1497 4757 anglia,
1521 4680 1609 4758 apud
1633 4680 1801 4741 abbatiam
1821 4678 1859 4737 de

1064 4786 1164 4854 Fura,
1181 4779 1411 4842 Cistoroiensis
1430 4778 1570 4851 ordinis,
1585 4778 1620 4838 in
1636 4776 1722 4839 festo
1742 4774 1860 4839 Puriti-

1793 334 1853 395 460

211 4881 299 4942 91119
314 4881 425 4942 castra
439 4880 472 4939 et
486 4877 585 4938 urbes
601 4878 723 4939 Sancto
738 4880 836 4943 Petro
847 4881 1007 4957 obtulere,
1063 4879 1205 4942 cationis
1228 4877 1339 4938 Beatae
1363 4876 1490 4936 Mariae.
1508 4876 1549 4937 Et
1571 4875 1601 4935 si
1619 4891 1686 4935 non
1709 4875 1797 4936 99991
1813 4871 1859 4932 ibi

213 4993 317 5055 eaque
332 4979 367 5037 in
382 4975 517 5037 seudum
532 4989 650 5034 rursus
665 4973 706 5035 ab
720 4976 910 5053 Apostolica
925 4981 1009 5042 Sede
1064 4976 1185 5054 aliquis
1196 4975 1338 5051 exparte
1353 4974 1474 5046 vestra,
1484 4973 1537 5034 rel
1548 4985 1862 5033 successorumres·
1964 4968 1965 4971 ’

212 5090 380 5151 recepere,
397 5087 544 5132 annuum
568 5087 704 5132 censum
728 5089 802 5136 eam
816 5076 857 5138 ob
874 5093 1009 5140 causam
1064 5078 1206 5145 trorum,
1225 5072 1431 5150 deponentur
1458 5071 1555 5132 dictae
1577 5069 1753 5131 duodecim
1769 5083 1860 5129 mar-

213 5166 639 5248 polliciti.Reginaldusrex
647 5168 842 5245 insularum,
853 5174 1012 5252 adjacen-
1065 5189 1112 5235 cae
1130 5187 1189 5250 per
1200 5186 1261 5232 nos
1275 5172 1309 5231 91
1320 5169 1470 5231 haeredes
1482 5170 1613 5231 nostros
1634 5169 1670 5230 in
1687 5167 1776 5229 dicto
1790 5166 1861 5226 loco

214 5267 298 5327 tium
312 5263 481 5325 Hiberniae
496 5262 528 5323 et
541 5264 680 5338 angliae,
696 5267 752 5342 qui
769 5269 871 5331 etiam
889 5288 951 5332 rex
970 5272 1010 5334 de
1065 5267 1341 5349 penesahbatem
1355 5268 1388 5328 et
1406 5269 1604 5328 contentum
1624 5266 1864 5327 1991991999-
1964 5324 1965 5335 ,

214 5365 294 5425 Man
322 5359 402 5421 alibi
428 5358 623 5435 appellatur,
653 5378 740 5426 anno
767 5368 856 5440 1212,
879 5368 1012 5433 devenit
1065 5384 1172 5430 manae
1185 5365 1329 5427 nomine.
1339 5367 1432 5426 Hanc
1447 5364 1659 5426 donationem
1673 5364 1706 5426 et
1718 5362 1861 5424 oblatio-

214 5460 315 5519 homo
328 5456 429 5531 ligius
440 5456 613 5527 iohannis,
625 5462 753 5537 Angliae
765 5466 865 5540 regis.
880 5468 1011 5530 Testem
1066 5482 1142 5527 nem
1157 5463 1265 5526 dictus
1282 5462 1435 5523 dominus
1454 5462 1585 5538 legatus
1604 5461 1732 5539 recepit
1750 5462 1789 5521 ad
1803 5473 1864 5520 19-

216 5555 376 5615 habemus
411 5553 559 5616 chartam
591 5572 611 5618 a
643 5561 785 5636 Rymero
811 5563 1009 5639 evulgatam,
1066 5564 1227 5623 luntatem
1246 5562 1279 5622 et
1293 5554 1537 5636 heneplacitum
1557 5560 1722 5634 vestrum3
1739 5559 1773 5619 et
1792 5556 1864 5633 post

217 5652 296 5712 tom.
323 5652 352 5719 1,
384 5666 456 5725 pag.
485 5654 683 5717 15919199.
709 5662 934 5732 publicorum.
963 5666 1012 5725 lix
1065 5659 1290 5736 receptionem
1305 5657 1346 5719 ab
1361 5673 1401 5719 99
1413 5657 1534 5720 factam
1547 5658 1606 5731 sic,
1618 5657 1691 5734 ipse
1710 5654 1864 5718 dominus
1964 5662 1965 5743 j
