3960 6188
219 376 284 439 935
686 378 866 440 norietur
882 378 929 439 111
955 378 1105 441 OPERA.
1120 411 1159 425 -
1176 382 1408 445 SERMONES.
1820 387 1887 448 Q

220 539 290 599 tnm
303 538 363 609 cst,
380 537 545 611 videlicet,
555 537 597 598 ad
612 537 722 600 Patris
735 538 906 601 dexteram
922 539 1022 601 collo·
1075 541 1197 618 cipitur
1210 541 1246 604 in
1262 542 1384 605 divinis
1399 543 1590 622 scripturis.
1602 547 1669 606 Pro
1685 544 1755 618 dic,
1765 545 1855 607 unde
1872 565 1885 604 z

220 635 318 706 cavit,
326 642 363 698 ut
377 635 517 697 ibiesset
528 635 683 709 caro‚ubi
693 636 838 699 Verbum
849 639 1022 714 permanet
1074 641 1457 713 appropinquantem
1473 657 1689 715 azemorum,
1713 646 1774 716 ent
1795 646 1887 703 clici-

219 732 615 797 iusmculasaeculorum.
1075 735 1488 815 ttchosclro(huc.xxn,
1507 738 1554 817 1).
1572 738 1748 811 Probora,
1765 740 1883 800 unde:

1075 834 1207 898 Quarta
1231 837 1367 896 melma
1389 838 1445 897 dic
1467 839 1512 897 oli
1534 851 1721 911 oespormn
1740 841 1883 898 Pascha

544 967 693 1055 XXXII
1073 932 1212 991 Dorninl
1221 932 1272 992 cst
1284 930 1390 1010 (hev,
1400 948 1498 1005 11111,
1509 932 1555 1011 5).
1571 936 1636 995 Pro
1646 936 1758 1009 Agna
1768 934 1882 994 unde:

1079 1027 1256 1089 Ventidios
1267 1044 1484 1103 osumomnn,
1495 1033 1632 1103 otiando
1646 1041 1789 1092 3333333
1801 1032 1883 1093 crat

1073 1126 1179 1185 occidi
1194 1129 1331 1188 Pascha
1353 1124 1448 1205 (buc.
1474 1141 1564 1199 1111,
1584 1125 1631 1207 7).
1658 1130 1727 1188 Pro
1747 1143 1881 1204 azymo,

1074 1221 1182 1283 unde:
1205 1226 1285 1284 Non
1303 1224 1515 1285 introierunt
1535 1228 1573 1286 tn
1591 1227 1820 1299 pretorium,
1841 1227 1881 1287 ut

259 1326 346 1385 Cum
364 1321 621 1398 complerentur
640 1325 713 1384 elles
732 1322 953 1384 pentecostes
955 1365 1016 1383 .....
1073 1321 1476 1383 uoumntomtnorentur
1487 1324 1785 1385 sedcontodcrent
1793 1328 1883 1385 Por·

221 1418 320 1500 (Act,
336 1437 373 1493 11,
389 1418 432 1500 1).
1072 1424 1136 1482 clia
1150 1416 1274 1498 (ioan,
1289 1434 1385 1491 xvrn,
1401 1420 1540 1497 28).Pro
1554 1418 1650 1491 teste,
1665 1419 1757 1480 unde
1769 1442 1778 1480 :
1789 1422 1880 1482 Anto

259 1519 414 1595 Legimus
435 1519 471 1579 in
492 1518 597 1580 veteri
612 1517 834 1590 Testamento,
850 1516 938 1595 qttod
958 1532 1018 1579 so·
1072 1520 1164 1578 litem
1183 1517 1311 1591 festum
1335 1520 1498 1588 Pescla,
1525 1520 1639 1579 scietas
1665 1520 1776 1578 ‚lesus
1796 1520 1880 1591 puio

218 1617 408 1678 imunitates
432 1615 557 1692 legales
580 1615 789 1687 ludaeorum,
818 1630 901 1692 quas
925 1613 1018 1675 cele·
1072 1614 1168 1676 uenit
1180 1618 1267 1676 liora
1280 1617 1356 1686 ejus
1373 1614 1412 1674 ut
1434 1614 1591 1676 transeat
1609 1617 1655 1675 de
1670 1619 1735 1676 hoc
1748 1618 1880 1676 mundo

218 1712 328 1785 hiant,
345 1714 442 1774 erant
467 1714 603 1789 septem,
618 1711 784 1784 videlicet,
803 1711 1018 1784 sabbathum,
1071 1715 1116 1774 od
1133 1712 1281 1773 Poleam
1296 1709 1419 1790 (ioan,
1441 1727 1515 1783 1111,
1539 1713 1580 1785 1).
1597 1711 1706 1773 Etiam
1721 1727 1785 1789 pro
1804 1713 1880 1790 ipsc

217 1810 413 1881 Neomenia,
426 1809 777 1881 Phase‚Pentecostes,
788 1808 908 1871 testum
919 1810 1020 1871 (1133-
1072 1809 1213 1881 Christo,
1230 1808 1340 1871 unde:
1356 1812 1492 1871 Pascha
1502 1810 1663 1871 nostrum
1675 1811 1882 1871 immolatus

217 1908 324 1983 goris,
347 1908 468 1970 lenum
492 1906 760 1984 Propitiationis,
788 1908 821 1968 et
847 1909 1016 1984 Scenope-
1071 1906 1291 1969 accuretur
1306 1905 1336 1985 (1
1351 1909 1438 1978 Gor„
1454 1924 1488 1978 v,
1502 1911 1547 1985 7).
1560 1909 1651 1968 sane
1666 1907 1803 1969 Pascha
1816 1906 1883 1969 he-

216 2005 283 2081 gia.
310 2004 374 2066 sed
398 2004 486 2066 inter
508 2003 590 2065 istas
612 2003 809 2065 testivitates
832 2004 900 2065 tres
922 2004 1019 2065 erant
1071 2003 1185 2065 braice
1204 2002 1327 2065 dicitur
1344 2008 1497 2078 aphace,
1519 2003 1605 2081 quod
1625 2006 1677 2066 est
1694 2005 1878 2073 transitus,

216 2102 434 2165 solemniores
461 2102 537 2163 aliis
560 2100 815 2173 festivitatibus,
841 2101 1015 2174 videlicet,
1070 2116 1178 2177 grmce
1194 2115 1285 2172 vero,
1305 2108 1454 2174 assum,
1476 2100 1562 2179 quod
1578 2102 1613 2162 et
1630 2101 1777 2172 Pascha,
1795 2102 1879 2180 quia

215 2201 358 2273 Pascha,
377 2200 593 2276 scenopegia,
616 2201 650 2260 et
675 2200 903 2273 Pentecostes3
918 2199 1014 2272 idest,
1071 2215 1131 2276 per
1163 2199 1335 2277 passiones
1372 2198 1516 2260 transire
1544 2197 1705 2260 debemus
1733 2200 1777 2261 ad
1801 2200 1878 2275 glo-

215 2298 409 2360 solemuitas
424 2312 627 2374 azymorum,
643 2296 836 2358 solemnitas
855 2295 1019 2358 taberna·
1071 2297 1167 2369 mam,
1184 2296 1365 2359 secuudum
1384 2297 1471 2375 quod
1487 2296 1613 2358 veritas
1627 2298 1701 2374 ipsa
1714 2296 1876 2359 dicebat:

215 2396 378 2467 culorum,
388 2397 421 2458 et
428 2394 622 2456 solemnitas
634 2393 926 2466 hebdomadarum,
934 2409 1017 2471 quas
1072 2395 1253 2468 Oportebat
1271 2395 1349 2468 poti
1366 2394 1553 2466 Christum,
1568 2395 1604 2456 et
1615 2395 1821 2473 sicinlrare
1835 2398 1877 2456 tn

215 2496 248 2555 et
270 2508 331 2554 nos
346 2493 381 2553 in
395 2491 577 2568 Evangelio
592 2507 659 2552 non
673 2491 715 2552 ad
730 2490 888 2561 litteram,
904 2489 961 2550 sed
980 2489 1017 2550 in
1069 2494 1217 2567 pieriam
1230 2506 1331 2553 mmm
1346 2489 1442 2570 (Luc.
1459 2506 1551 2563 xxiv,
1567 2489 1614 2569 7).

215 2589 335 2666 spiritu
344 2589 562 2651 celebramus.
574 2590 615 2649 Et
624 2586 794 2665 quodlibet
805 2587 939 2649 illorum
949 2586 1018 2648 les·
1111 2588 1315 2665 scenopegia
1342 2588 1422 2650 tirio
1446 2588 1739 2651 tabernaculorum
1762 2590 1875 2650 inter-

214 2689 285 2749 tum
298 2686 554 2762 protrahebatur
572 2686 698 2763 septem
719 2684 847 2746 diebus.
869 2686 1015 2757 Quarum
1070 2685 1231 2763 pretatur,
1254 2701 1295 2748 eo
1319 2686 1405 2763 quod
1431 2685 1573 2764 populus
1594 2685 1699 2747 lsrael
1722 2686 1874 2764 quadra·

215 2782 288 2843 dies
303 2781 410 2859 prima
428 2784 462 2842 et
475 2781 592 2843 ultima
612 2781 777 2842 solemnes
797 2783 903 2851 erant,
921 2780 1017 2843 ette-
1069 2783 1163 2859 ginta
1194 2783 1292 2844 annis
1322 2785 1547 2845 commoratus
1569 2784 1620 2845 est
1648 2783 1685 2844 in
1724 2783 1871 2856 deserto,

215 2880 318 2942 riales
333 2878 480 2940 abomni
494 2894 594 2955 opere
606 2879 732 2942 servili.
745 2880 815 2939 Nos
825 2880 936 2940 autem
946 2880 1016 2941 tres
1069 2881 1105 2942 in
1146 2883 1241 2958 cnjus
1277 2881 1327 2942 rei
1367 2881 1561 2943 memoriam
1601 2880 1712 2943 ludaei
1760 2881 1872 2943 adhuc

213 2978 348 3040 illarum
363 2976 582 3038 festivitatum
596 2977 725 3038 tantum
743 2990 916 3038 servamus
932 2978 1017 3038 Pas·
1070 2976 1241 3039 celebrant
1267 2979 1508 3055 scenopegiam
1536 2976 1729 3039 habitantes
1754 2978 1792 3039 in
1815 2980 1872 3039 ta·

215 3075 291 3147 cha,
307 3074 474 3147 videlicet,
502 3073 537 3135 in
557 3073 816 3147 resurrectione,
843 3076 1015 3151 scenope-
1068 3074 1270 3136 bernaculis.
1302 3078 1407 3137 Porro
1435 3073 1687 3136 tabernaculum
1716 3077 1769 3137 est
1791 3091 1869 3137 cor-

214 3173 269 3249 gia
282 3173 317 3234 iu
332 3171 549 3245 ascensione,
566 3172 784 3233 Pentecosten
804 3171 838 3233 in
858 3171 1014 3234 Paracliti
1070 3188 1131 3249 pus
1155 3170 1384 3249 Redemptoris
1406 3173 1623 3248 assumptum,
1651 3172 1686 3232 in
1717 3188 1785 3249 quo
1809 3172 1871 3233 sub

214 3272 385 3342 missione,
403 3270 460 3331 sed
476 3270 543 3330 alia
557 3270 688 3331 ratione
701 3285 800 3347 quam
815 3268 878 3330 illi.
1069 3269 1275 3331 humanitate
1284 3268 1539 3331 latetdivinitas.
1550 3271 1672 3346 Deque
1688 3269 1772 3331 dicit
1780 3269 1870 3331 Psal-

253 3367 307 3429 Illi
328 3366 499 3429 celebrant
517 3366 648 3427 Pascha
667 3366 799 3443 quando
818 3366 954 3428 luerunt
967 3365 1014 3426 li·
1069 3368 1441 3443 mistarlusoleposull
1455 3367 1869 3428 moerrmcuiumsuuns..
1965 3436 1966 3453 χ

213 3465 321 3527 bereti
350 3464 556 3542 apotastata
582 3463 768 3525 Pharaonis
797 3465 830 3526 et
855 3463 1015 3525 servitute
1069 3462 1203 3543 (Ps18,
1227 3463 1273 3544 6).
1298 3465 1367 3526 Nos
1390 3464 1502 3526 autem
1525 3463 1736 3525 celebramus
1751 3466 1870 3526 Sceno-
1964 3500 1965 3543 4

212 3560 457 3637 AEgyptiorum,
475 3558 561 3636 quod
583 3558 715 3621 Pascha
735 3559 898 3637 siquidem
916 3559 1014 3620 tran·
1069 3563 1199 3640 pegiam
1211 3562 1247 3623 in
1261 3561 1476 3629 Ascensinne,
1487 3560 1620 3637 quaudo
1632 3560 1706 3637 ipse
1719 3561 1869 3623 currens

215 3660 298 3720 situs
309 3658 506 3735 appellatur,
514 3672 554 3718 eo
564 3657 650 3734 quod
657 3657 804 3733 Angelus
815 3656 950 3719 transiit
956 3672 1016 3734 per
1069 3676 1143 3722 cum
1158 3674 1297 3737 corpore
1311 3674 1373 3720 suo
1384 3658 1640 3735 quadragesimo
1658 3657 1716 3719 die
1728 3661 1803 3736 post
1815 3675 1871 3719 re-

213 3755 396 3832 AEgyptum
408 3753 635 3815 exterminans
649 3754 869 3830 primogenita
879 3754 1015 3830 AEgypti
1069 3758 1309 3820 surrectionem
1325 3755 1477 3818 ascendit
1490 3755 1531 3817 ad
1547 3754 1663 3827 coelos,
1679 3755 1869 3817 videntibus

215 3851 404 3914 abhomine
419 3865 524 3928 usque
544 3850 585 3911 ad
605 3866 718 3928 pecus.
737 3851 927 3911 hanutum
948 3866 1014 3912 au·
1069 3857 1102 3917 et
1124 3853 1363 3917 admirantibus
1387 3851 1560 3929 discipulis
1583 3868 1650 3913 non
1673 3852 1804 3913 tantum
1826 3851 1868 3912 ad

212 3953 280 4012 tem
303 3949 403 4010 istum
422 3949 569 4010 loannes
589 3947 800 4024 Evangelista
829 3947 1013 4021 denuntiat,
1069 3952 1182 4022 creles,
1198 3951 1255 4012 sed
1275 3949 1488 4028 supercoelos
1510 3948 1671 4011 coelorum
1694 3949 1737 4011 ad
1751 3950 1870 4011 orien-

213 4048 351 4109 dicens:
371 4048 490 4108 Sciens
504 4048 606 4108 Jcsus
622 4048 704 4120 oum
721 4046 817 4107 oentt
832 4048 920 4107 horo
940 4048 1016 4120 ejus
1068 4051 1146 4113 tem.
1173 4048 1330 4111 ascendit
1354 4063 1435 4124 ergo
1460 4046 1612 4109 Christus
1637 4062 1740 4123 super
1765 4046 1867 4107 coelos

212 4144 253 4205 ut
267 4142 424 4204 transcat
435 4144 477 4203 de
490 4144 688 4203 morundo
702 4145 747 4203 ael
759 4141 918 4213 Patrem,
935 4156 1015 4203 cum
1069 4146 1240 4218 coelorum,
1255 4145 1333 4222 quia
1347 4159 1448 4221 super
1466 4158 1582 4205 omnes
1596 4144 1766 4205 creaturas
1781 4141 1869 4202 visi·

213 4240 391 4303 dilemtsmt
405 4253 497 4310 salos,
511 4241 548 4300 iu
561 4238 803 4311 ltuemdtlcoott
817 4252 875 4300 cos
889 4236 1013 4317 (ioan,
1069 4243 1154 4305 biles
1182 4244 1215 4304 et
1242 4241 1428 4304 invisibiles
1453 4240 1589 4319 propria
1612 4240 1736 4301 virtute
1764 4238 1868 4300 subli-

213 4354 288 4410 xn1,
303 4335 347 4417 1).
359 4338 428 4397 Nos
439 4336 548 4397 autem
561 4334 768 4397 celebramus
781 4335 922 4406 Pascha,
935 4336 1013 4413 quia
1071 4341 1178 4402 matus
1191 4342 1242 4402 est
1255 4339 1296 4401 ad
1309 4338 1484 4409 orientem,
1500 4336 1598 4409 idest,
1614 4336 1656 4398 ad
1670 4337 1783 4398 Patris
1797 4336 1870 4397 dex·

214 4438 293 4497 tunc
304 4433 466 4510 redempti
481 4447 596 4493 sumus
612 4447 632 4492 a
646 4433 809 4509 potestate
820 4431 945 4494 diaboli
958 4448 1017 4510 per
1069 4439 1175 4500 teram
1199 4451 1448 4514 permansurus.
1471 4435 1511 4495 ut
1533 4434 1609 4495 ideo
1638 4433 1726 4495 bene
1751 4432 1869 4494 dicitur

215 4533 405 4611 passionem
419 4530 453 4592 et
466 4529 606 4592 mortem
619 4530 701 4591 lesu
715 4529 849 4599 Christi,
861 4531 894 4591 et
906 4545 1017 4607 asper
1070 4536 1151 4596 haio
1174 4532 1476 4603 tabernaculorum,
1498 4532 1578 4609 quia
1602 4530 1662 4591 illo
1687 4530 1743 4591 die
1771 4531 1867 4591 lixum

216 4629 402 4706 persionem
424 4626 597 4703 sanguinis
612 4629 696 4705 eius,
718 4627 805 4689 sicut
824 4627 946 4688 dicitur
958 4642 1017 4704 per
1070 4633 1121 4694 est
1153 4629 1419 4697 tabernaculum,
1454 4629 1555 4700 idest,
1593 4643 1716 4705 corpus
1751 4626 1867 4688 Christi

215 4725 411 4787 Zachariam
440 4745 448 4785 ε
475 4729 518 4786 lu
543 4728 712 4801 scapulae
740 4726 938 4787 lecturienti
966 4724 1017 4786 tot
1071 4731 1174 4791 fixum
1195 4729 1301 4791 estin
1324 4727 1419 4799 coelo,
1436 4726 1470 4789 et
1488 4740 1630 4802 corpora
1652 4724 1801 4795 illorum,
1817 4722 1866 4800 qui

218 4822 370 4883 ademisti
390 4821 522 4884 otrwtos
543 4825 586 4883 cle
608 4828 685 4884 lacu
706 4825 744 4882 iu
764 4836 830 4895 quo
851 4837 920 4883 uon
938 4820 1017 4883 erat
1071 4825 1251 4889 secundum
1283 4824 1443 4903 quosdam
1476 4822 1659 4885 creduntur
1692 4838 1771 4882 cum
1801 4822 1868 4898 ipso

219 4932 309 4991 allia
320 4915 446 4995 (zach,
462 4933 510 4989 1³,
526 4917 589 4996 11)·
605 4918 706 4987 Quasi
718 4918 807 4981 dicat
819 4941 826 4979 τ
838 4921 864 4980 0
874 4918 1014 4990 Christe,
1071 4922 1259 4985 surrexisse
1271 4923 1304 4983 et
1317 4922 1353 4983 in
1368 4920 1487 4982 coelum
1500 4918 1706 4981 ascendisse.

219 5013 1019 5093 11111131133113303333313313013131333·
1111 5021 1151 5082 nt
1176 5021 1256 5082 nota
1283 5018 1370 5096 quod
1398 5019 1471 5094 post
1505 5015 1628 5077 testum
1658 5014 1867 5077 ascensionis

218 5111 310 5173 tione
325 5112 546 5188 peccatorum,
563 5109 619 5185 qui
639 5109 761 5173 dicitur
779 5114 917 5189 sanguis
931 5116 1016 5175 Tes·
1072 5117 1221 5195 sequitur
1234 5116 1355 5177 festum
1366 5114 1589 5185 Pentecostes,
1602 5111 1868 5173 necobservatur

218 5208 368 5279 tamenti,
390 5220 449 5282 pro
465 5205 605 5281 eoquod
620 5205 655 5265 in
674 5206 746 5282 ipso
764 5225 885 5271 novum
900 5213 1019 5273 Testa·
1072 5215 1288 5277 ordoinnovo
1298 5209 1657 5288 Testamentoquierat
1667 5209 1866 5271 inveteri.ln

219 5304 366 5366 mentum
392 5301 615 5373 consecrasti,
647 5301 793 5366 eduxisti
820 5308 948 5369 vinctos
976 5309 1018 5369 de
1071 5314 1185 5374 vetere
1204 5311 1293 5372 enirn
1307 5326 1327 5371 e
1342 5311 1415 5386 lege
1432 5309 1644 5370 Pentecostes
1663 5305 1868 5383 praecedebat

359 1173 405 1235 IN
427 1173 557 1233 FESTO
579 1173 876 1234 PENTECOSTES

221 5402 308 5471 lacu,
324 5400 419 5469 idest,
437 5412 494 5458 eos
508 5398 565 5475 qui
575 5399 716 5459 erantin
726 5401 871 5464 tenebris
882 5405 1015 5477 interni,
1073 5408 1323 5486 scenopegiam.
1337 5408 1434 5467 Nunc
1448 5406 1559 5467 autem
1573 5419 1592 5465 e
1607 5419 1773 5465 converso
1790 5404 1865 5463 Sce-

223 5494 359 5558 obnoxii
380 5496 514 5572 peccato
539 5494 705 5569 originali.
734 5500 785 5558 De
809 5503 894 5574 lecu,
921 5502 1016 5574 idest,
1073 5506 1226 5582 nopegia,
1257 5503 1352 5575 idest,
1380 5502 1540 5565 ascensio
1564 5500 1724 5579 precedit
1748 5500 1865 5561 Pente·

223 5590 418 5661 detuleram
434 5589 548 5666 inquo
562 5606 629 5652 non
643 5592 716 5653 erat
729 5608 826 5671 aqua,
846 5597 943 5672 idest,
963 5616 1019 5662 re-
1073 5604 1198 5665 costen.
1224 5601 1317 5663 Unde
1338 5601 1375 5661 in
1397 5599 1541 5662 lectione
1563 5600 1707 5659 Actuum
1731 5597 1867 5674 Aposto-

224 5683 407 5757 trigorium.
422 5685 550 5745 Pascha
565 5700 707 5762 namque
718 5690 830 5751 multis
843 5695 948 5754 modis
961 5711 1019 5775 ac-
1072 5699 1215 5760 tolorum
1250 5712 1324 5775 quae
1354 5695 1451 5757 modo
1480 5693 1620 5755 recitata
1645 5694 1709 5765 est,
1732 5692 1865 5770 qmtuer
