3952 6188
232 265 292 325 aas
694 262 870 326 nononu
891 261 936 324 111
957 262 1105 324 opum.
1123 292 1161 307 -
1177 262 1408 357 saumones.
1824 266 1879 326 aar

232 423 389 500 cogitant.
404 419 498 487 Unde
507 422 703 501 Apostolus:
718 425 864 486 Primus
874 425 1026 487 democle
1080 420 1145 483 lem
1169 422 1310 500 quatuor
1328 421 1429 484 hahet
1450 420 1569 496 latera,
1589 420 1774 486 meandum
1795 424 1876 502 quod

232 522 331 582 terra
361 521 534 589 terrenus,
559 524 730 583 secundus
753 525 854 583 leuto
875 523 917 582 de
944 526 1027 583 coelo
1079 518 1163 582 uidit
1181 522 1328 582 loannes
1348 521 1386 581 in
1404 520 1615 598 Apocalypsi.
1648 523 1764 584 Unum
1793 522 1876 583 latiis

231 619 378 680 ccelesiis
396 616 425 697 (l
448 620 522 679 Cor.
544 634 600 691 xv,
628 616 693 698 17).
721 618 835 691 Qualis
859 618 1023 689 terrenus,
1080 617 1130 678 est
1148 616 1334 694 prudentia,
1357 616 1449 679 aliud
1477 618 1528 679 est
1549 618 1789 695 temperantia,
1813 622 1879 680 ter·

231 715 316 776 tales
331 715 364 776 et
382 715 518 788 terreni,
536 716 569 777 et
585 714 694 792 qualis
713 715 868 789 coelestis,
887 715 972 777 tales
994 716 1027 777 et
1079 714 1163 776 tiam
1186 714 1354 786 tortitudo,
1377 716 1411 777 et
1436 717 1590 794 quartum
1609 717 1757 793 justitia.
1786 716 1878 779 Felix

231 812 394 873 coelestes.
1080 810 1190 872 anima
1204 827 1277 889 quae
1292 810 1392 874 habet
1409 810 1471 873 has
1495 812 1648 885 virtutes,
1663 813 1720 874 cui
1735 813 1878 890 prudeu-

270 908 403 970 Primus
425 910 523 971 homo
553 908 617 971 fuit
637 909 754 983 Adam,
775 907 938 972 secundus
964 908 1026 971 luit
1079 909 1127 970 tia
1140 907 1196 969 dat
1208 907 1383 970 consillum
1393 909 1428 969 in
1440 908 1560 982 dubiis,
1575 908 1877 986 quiadiscernitali

230 1006 392 1067 Christus.
421 1006 553 1067 Primus
588 1006 686 1068 homo
711 1005 774 1068 iuit
801 1009 971 1079 terrenus,
993 1007 1027 1069 et
1079 1005 1254 1068 inutilibus
1269 1004 1376 1078 utilia,
1401 1006 1436 1068 et
1457 1005 1652 1084 deestquid
1677 1006 1723 1068 sit
1739 1023 1878 1085 mouen-

231 1101 272 1165 de
301 1103 403 1176 terra,
429 1102 507 1181 quia
539 1103 694 1181 quaesivit
719 1105 863 1177 terrena,
892 1105 925 1167 et
950 1104 1026 1167 ideo
1080 1102 1169 1177 dum,
1192 1103 1271 1180 quid
1305 1103 1536 1181 rejiciendam.
1567 1105 1807 1182 Temperantia
1828 1106 1879 1167 dat

230 1200 339 1277 qualis
360 1199 422 1263 fuit
440 1200 522 1278 ipse,
546 1200 632 1264 tales
654 1202 734 1264 sunt
763 1202 859 1264 modo
881 1203 1024 1276 terreni,
1079 1199 1345 1277 renigeriumab
1364 1200 1504 1274 illicitis,
1521 1202 1600 1279 quia
1620 1201 1699 1264 linit
1712 1201 1876 1265 desideria

229 1295 327 1369 idest,
347 1296 394 1359 ita
419 1297 683 1375 praevaricantur
710 1301 875 1377 precepta
896 1299 968 1373 Dei,
985 1298 1027 1360 si·
1081 1297 1210 1371 illicita,
1224 1313 1291 1360 nou
1302 1297 1390 1360 cedit
1399 1298 1688 1377 promissionibus,
1703 1315 1774 1362 non
1786 1301 1878 1361 emol-
1974 1308 1975 1363 l

229 1394 286 1456 cut
314 1394 396 1472 ipse.
434 1395 605 1456 Secundus
636 1395 735 1457 homo
771 1395 834 1457 fuit
867 1396 908 1458 de
943 1396 1026 1459 coelo
1080 1394 1161 1456 litur
1180 1394 1362 1457 blanditiis.
1388 1394 1560 1459 Fortitudo
1579 1396 1638 1458 dat
1660 1396 1830 1458 auxilium
1845 1397 1877 1459 in

230 1491 386 1565 coelestis,
405 1492 483 1570 quia
504 1493 654 1555 coelestia
677 1493 876 1571 concupivit,
895 1494 929 1557 et
950 1493 1026 1556 ideo
1081 1490 1241 1565 adversis,
1258 1493 1336 1570 quia
1351 1492 1479 1555 resistit
1490 1493 1601 1565 minis,
1617 1493 1837 1567 cruciatibus,
1846 1497 1877 1556 et

229 1587 338 1664 qualis
357 1588 439 1666 ipse,
455 1589 539 1649 tales
559 1590 592 1650 et
610 1590 772 1664 coelestes,
793 1590 888 1663 idest,
912 1606 1026 1653 omnes
1081 1588 1221 1661 damnis,
1245 1592 1279 1650 et
1301 1589 1403 1651 sortes
1421 1588 1501 1652 tacti
1524 1590 1686 1653 resistunt
1713 1593 1876 1668 usquead

228 1682 308 1744 boni
347 1684 504 1745 similiter
546 1685 738 1749 desiderant
778 1688 936 1750 caelestia.
979 1691 1026 1750 De
1080 1686 1276 1762 sanguinem
1306 1687 1340 1749 et
1370 1688 1520 1748 mortem.
1542 1687 1677 1750 lustitia
1705 1688 1825 1764 dirigit
1846 1689 1877 1749 iu
1974 1694 1975 1749 l

228 1780 352 1841 mundo
367 1781 454 1853 eunt,
471 1781 527 1858 qui
538 1781 681 1858 diligunt
694 1783 920 1846 tantummodo
934 1801 1027 1846 mun·
1081 1781 1254 1856 iaciendis,
1268 1783 1346 1860 quia
1362 1785 1494 1860 justitia
1508 1783 1658 1859 indigent
1680 1784 1735 1845 illi
1754 1786 1815 1862 qui
1828 1802 1876 1847 se·

230 1875 327 1937 dana.
354 1878 448 1940 Unde
462 1878 621 1940 Dominus
637 1880 671 1940 in
685 1881 885 1957 Evangelioz
905 1886 969 1944 Vos
984 1886 1026 1945 cle
1079 1883 1227 1957 quantur
1254 1880 1451 1957 spontanea.
1475 1882 1611 1944 lustitia
1641 1883 1693 1943 est
1717 1883 1877 1945 rectitudo

229 1976 292 2036 loc
312 1977 440 2036 mundo
458 1975 552 2037 estis.
576 1978 650 2053 Epo
666 1977 784 2040 cutem
803 1992 872 2039 uon
885 1993 964 2040 sum
984 1980 1025 2041 de
1079 1976 1275 2049 voluntatis,
1305 1993 1379 2054 quaa
1413 1993 1475 2039 nec
1507 1978 1598 2039 amat
1627 1993 1786 2055 peccare,
1821 1995 1877 2043 nec

232 2070 639 2153 llocmuudo(l0an.v111,
655 2071 721 2154 23).
1080 2074 1214 2149 peccato
1246 2074 1448 2136 consentire.
1480 2074 1617 2137 lustitia
1652 2078 1686 2137 ct
1721 2075 1876 2139 fortitudo

264 2166 272 2181 '
1079 2170 1115 2231 in
1130 2185 1166 2231 se
1184 2169 1308 2232 habent
1327 2170 1544 2239 voluntatem,
1570 2170 1649 2247 quia
1668 2173 1766 2249 justa
1788 2172 1880 2235 debu

1079 2281 1155 2329 esse
1170 2267 1203 2329 et
1214 2267 1319 2328 tortis.
1336 2267 1517 2329 Prudentia
1529 2269 1564 2328 et
1579 2268 1807 2345 temperantia
1828 2286 1883 2331 se-

574 2338 686 2426 ΧΧΠ
1080 2362 1153 2424 dem
1167 2363 1290 2426 habeut
1309 2364 1503 2437 iuratione,
1529 2365 1607 2442 quia
1629 2366 1720 2427 ratio
1735 2366 1877 2443 prudeus

1080 2476 1153 2522 esse
1183 2459 1280 2523 debet
1313 2461 1347 2523 et
1380 2461 1632 2539 temperantiam
1660 2461 1803 2524 habere.
1830 2463 1877 2525 Ad

284 2540 490 2605 DOMINIGA
510 2543 556 2604 IN
577 2544 708 2605 RAMIS
731 2544 968 2607 PALMARUM
1079 2556 1342 2619 hanccivitatem
1357 2557 1611 2634 expugnandam
1628 2561 1801 2621 venerunt
1815 2563 1878 2621 Ba·

1079 2653 1217 2731 bylonii,
1231 2654 1326 2727 idest,
1341 2654 1519 2718 demones.
1527 2654 1676 2732 Babylon
1687 2657 1783 2717 enim
1797 2674 1877 2719 con-

271 2751 382 2816 (luum
404 2754 712 2827 appropinquasset
731 2756 834 2816 lesus
853 2756 1027 2829 lerosolp-
1079 2749 1167 2812 fusio
1187 2750 1435 2829 iuterpretatur.
1462 2751 1556 2813 Unde
1569 2753 1751 2830 Apostolus
1774 2775 1783 2813 ε
1803 2758 1878 2817 Nou

230 2848 309 2918 mis,
341 2847 375 2908 et
401 2849 551 2910 acuisset
576 2850 771 2926 Betaplape
804 2853 849 2911 ad
873 2853 1026 2913 montem
1079 2848 1249 2909 esinatis
1273 2848 1462 2911 colluctatio
1491 2851 1662 2911 adamum
1680 2862 1828 2912 carium
1845 2850 1877 2911 et

230 2944 356 3016 oliveti,
380 2944 462 3005 tuuc
476 2946 573 3007 misit
594 2948 679 3008 duos
697 2949 888 3021 discipulos,
911 2950 1026 3009 dicem
1078 2944 1296 3018 sanquinem,
1311 2942 1518 3004 sectantum
1527 2945 1879 3019 aavmsuspruutpes
1974 2994 1975 3037 i

229 3042 301 3113 ets:
317 3041 364 3102 tte
382 3044 419 3102 iu
430 3043 616 3115 castelium,
632 3044 1022 3117 quodcoutravosest...
1079 3039 1113 3100 et
1123 3038 1312 3113 potestates
1327 3039 1551 3100 tenebrarum
1571 3044 1702 3102 aarum
1718 3040 1814 3120 (Eph.
1829 3055 1876 3112 vr,
1974 3060 1975 3117 p

232 3132 350 3214 (Mars.
365 3152 413 3210 11,
429 3135 473 3216 1).
1080 3133 1144 3214 12).
1157 3135 1200 3195 Hi
1214 3134 1325 3197 autem
1336 3151 1468 3211 semper
1483 3134 1524 3197 ad
1544 3136 1694 3203 nostmm
1709 3136 1877 3198 contraste-

272 3234 414 3311 Saepein
435 3236 615 3313 scripturis
633 3237 745 3299 anima
759 3252 819 3314 pro
837 3234 1023 3300 Jerusalem
1079 3247 1155 3293 nem
1173 3231 1323 3308 tendunt,
1349 3233 1464 3294 contra
1485 3246 1568 3311 quos
1589 3248 1692 3294 orans
1715 3235 1877 3297 ieremias

231 3329 425 3406 designatur
439 3330 602 3406 humana,
620 3350 693 3411 quaa
706 3333 748 3395 ad
765 3333 828 3395 hoo
846 3349 867 3395 a
886 3334 1025 3396 Domino
1079 3328 1127 3388 ait
1142 3349 1150 3387 τ
1167 3330 1431 3403 Gonfimdalltw'
1452 3333 1512 3404 qest
1531 3338 1588 3392 ⁷²²³
1603 3332 1878 3407 demetiuntur,
1974 3384 1975 3401 .

231 3428 343 3488 creata
359 3427 574 3504 dignoscitur,
591 3431 628 3492 ut
642 3445 716 3491 cum
741 3445 780 3492 eo
802 3434 972 3508 perpetua,
995 3431 1024 3492 si
1079 3426 1113 3487 et
1126 3427 1399 3501 uoucoutuudar
1412 3424 1566 3506 epo(ler.
1582 3440 1652 3499 m,
1671 3426 1738 3506 18).

228 3537 296 3584 nou
311 3527 490 3602 peccasset,
506 3542 588 3603 pace
608 3526 926 3599 frueretur.verum,
942 3543 1026 3605 quo-
1119 3522 1202 3594 Quid
1217 3522 1272 3583 hic
1283 3522 1544 3600 porBelhphasse
1557 3523 1812 3602 intelligendum
1823 3524 1878 3595 iil»

229 3620 320 3680 niam
333 3622 481 3683 Creatori
499 3639 558 3684 suo
576 3624 692 3685 nolens
712 3623 856 3695 obedire,
882 3625 1022 3697 alienos,
1078 3618 1151 3696 ipsa
1179 3635 1240 3680 nos
1266 3620 1409 3681 nominis
1444 3621 1610 3697 expositio
1637 3621 1747 3682 docet
1777 3621 1881 3683 Belli·
1974 3652 1975 3663 κ

230 3716 268 3777 ut
281 3716 329 3777 ait
343 3717 515 3794 propheta,
532 3722 644 3780 secuta
661 3721 712 3782 est
725 3721 901 3790 amatores,
919 3724 1024 3799 ejecta
1079 3715 1187 3793 phage
1212 3732 1353 3793 namque
1377 3716 1495 3777 domus
1525 3717 1646 3789 bucca,
1671 3717 1726 3779 rel
1757 3716 1880 3778 domus

230 3812 432 3889 'eparedism
448 3814 566 3876 incidit
580 3816 614 3875 in
629 3815 787 3889 latrones,
801 3817 858 3894 qui
869 3833 943 3878 eam
955 3834 1025 3880 ves·
1078 3810 1257 3873 buccarum
1279 3813 1519 3889 intorpretatur
1537 3812 1599 3893 (1).
1624 3816 1745 3875 Domus
1765 3815 1881 3875 autem
1974 3846 1975 3903 p

229 3908 377 3971 timemis
411 3911 570 3973 virtutum
605 3913 824 3989 expoliantes,
852 3914 1025 3992 plagisque
1078 3907 1201 3981 buccae,
1216 3910 1286 3971 sile
1298 3908 1476 3971 buccarum
1494 3927 1569 3988 (111ae
1587 3911 1641 3983 Sit»
1665 3910 1881 3971 Salomonem

228 4005 392 4084 impositis
407 4009 628 4084 peccatorum,
648 4008 684 4070 in
706 4008 768 4071 hoc
789 4012 941 4072 moeroris
965 4026 1023 4073 er·
1079 4006 1177 4067 credo
1198 4006 1395 4083 praedixisse
1409 4006 1525 4068 hobiit
1542 4008 1740 4083 Sapientia,
1760 4007 1880 4084 induit,
1974 4018 1975 4037 ¹

229 4103 360 4181 pastulo
380 4105 573 4167 semivivam
592 4106 810 4183 reliquerunt.
833 4108 873 4169 at
893 4108 956 4171 hoc
975 4110 1025 4171 est
1078 4103 1259 4175 aeeapmvu
1280 4105 1345 4164 libi
1365 4106 1507 4165 domum
1527 4101 1708 4182 (Prot-1¹,
1731 4102 1777 4183 1)·
1800 4106 1881 4175 Quae

230 4201 316 4278 quod
331 4201 449 4280 lugens
464 4203 627 4266 ieremias
649 4204 718 4265 ait:
741 4206 929 4267 Peccatum
941 4221 1025 4279 pec-
1078 4200 1130 4262 est
1155 4202 1265 4261 autem
1299 4201 1487 4276 sapientiai
1522 4201 1566 4262 Ut
1599 4201 1648 4262 ait
1678 4200 1880 4277 Apostolus:

227 4300 320 4360 cauit
340 4302 533 4362 Jerusalem
547 4301 738 4377 propterea
752 4302 1025 4375 lustadlllsfaeta
1078 4301 1157 4370 19³6
1171 4299 1266 4358 euim
1286 4297 1379 4368 filliis
1401 4298 1455 4359 eti
1479 4300 1544 4359 Det
1567 4298 1735 4359 virtu-let
1747 4302 1883 4359 Mse-

227 4397 281 4458 est
300 4395 435 4476 (Thren.
458 4413 481 4470 1,
500 4398 545 4477 8).
565 4400 670 4471 Quum
687 4399 797 4460 eutem
822 4414 858 4460 se
877 4414 1022 4470 errasse,
1073 4394 1208 4467 pientia
1229 4391 1259 4471 (l
1291 4395 1364 4454 Cor.
1390 4408 1414 4467 1,
1448 4391 1514 4473 21).
1540 4393 1776 4470 Primogenita
1807 4394 1886 4455 ante

228 4493 418 4571 malumque
439 4495 503 4557 sibi
517 4496 634 4558 uidens
652 4497 771 4559 merito
795 4496 958 4569 evenisse,
981 4495 1023 4556 ad
1078 4505 1208 4553 omnem
1225 4490 1424 4561 creaturam,
1454 4505 1540 4568 qum,
1569 4491 1655 4553 telle
1685 4491 1881 4560 Salomone,

227 4590 449 4653 sirumvellet
463 4593 573 4654 redire
588 4594 733 4670 priorem
746 4594 876 4654 dicens:
892 4596 1025 4655 Reuer-
1078 4586 1210 4662 attingit
1232 4602 1253 4647 a
1274 4586 1340 4647 tine
1363 4602 1467 4664 usque
1493 4587 1535 4647 ad
1562 4587 1665 4648 tinem
1689 4587 1827 4649 fortiter
1850 4588 1885 4648 et

229 4687 288 4747 tar
307 4690 352 4747 cd
367 4692 485 4749 virum
499 4706 616 4752 meum
628 4694 796 4765 putorem,
808 4693 889 4764 quta
902 4693 1024 4751 melleas
1078 4683 1224 4761 disponit
1250 4683 1361 4744 omnia
1382 4684 1542 4745 suaviter
1559 4682 1653 4763 (Sap.
1669 4699 1746 4757 vm,
1762 4684 1807 4764 1).
1822 4683 1884 4745 Hic

229 4783 311 4842 illuc
340 4785 418 4843 erat
437 4789 523 4845 mlitt
550 4800 654 4858 quam
679 4802 771 4848 nuuc
792 4786 891 4865 (Osee
910 4802 947 4859 11,
975 4784 1021 4867 7).
1078 4779 1179 4840 aliae
1191 4779 1467 4857 usqueadflnm
1481 4778 1580 4852 idest,
1592 4779 1633 4840 ab
1650 4780 1774 4843 ultimo
1787 4781 1884 4851 offilo»

229 4878 316 4938 Fons
332 4879 579 4952 misericordiae,
595 4880 685 4941 illius
702 4882 900 4945 miserandae
920 4882 1024 4944 afflic-
1078 4876 1164 4954 quod
1179 4875 1301 4938 dicitur
1321 4876 1513 4954 empireum,
1530 4892 1638 4954 usque
1655 4878 1699 4938 ad
1714 4878 1886 4940 infernum

228 4973 352 5034 tionem
361 4974 587 5046 considerans,
597 4976 677 5036 illud
687 4978 914 5055 propheticum
922 4980 1024 5040 adim·
1077 4971 1357 5049 attingitiortiler,
1370 4971 1555 5049 deJicieudo
1568 4973 1735 5049 superbos
1745 4972 1886 5051 angelos

230 5069 361 5148 plendo,
385 5071 557 5132 Revertar
570 5074 614 5132 ad
627 5076 821 5138 Jerusalem
833 5081 871 5138 lu
885 5080 1025 5138 miseri
1077 5070 1118 5131 de
1133 5069 1248 5130 ultimo
1261 5069 1463 5147 0oe10‚juxta
1475 5068 1558 5129 illud
1571 5071 1669 5130 18³1ae
1682 5092 1690 5131 ³
1710 5073 1886 5137 Quomodfl
1974 5090 1975 5147 ξ

231 5165 525 5245 coeatis(Zach.1,
543 5166 607 5247 16),
628 5172 1023 5246 quoniamillaadillum
1077 5168 1229 5229 cecidisti
1246 5170 1288 5228 cte
1309 5171 1392 5228 coeto
1415 5168 1567 5241 Lucifer,
1589 5170 1650 5241 qui
1664 5182 1775 5230 ntaue
1791 5172 1887 5231 orio-

231 5264 411 5325 ascencere
435 5279 502 5323 non
522 5265 638 5341 potuit,
660 5266 717 5328 rue
730 5269 772 5330 aa
795 5269 887 5331 suam
906 5270 1024 5332 auctus
1078 5266 1172 5326 aare
1187 5260 1244 5342 tls.
1267 5260 1423 5342 nv‚12);
1445 5262 1887 5340 eteducendojustasani-
1974 5270 1975 5337 l

230 5361 352 5437 pietate
367 5358 547 5423 descendit.
1078 5377 1149 5422 mas
1164 5360 1204 5422 de
1223 5358 1366 5432 inferno,
1389 5359 1476 5421 sicut
1498 5359 1579 5421 dicit
1599 5360 1813 5423 Zacharias
1839 5363 1885 5423 In
1974 5342 1975 5421 l

271 5458 446 5530 Quumque
466 5459 686 5535 ierosolymis
702 5463 1022 5541 appropinquasset,
1424 5502 1427 5507 <

233 5551 426 5614 stupuisset
448 5553 651 5635 Belliplluqe.
667 5560 873 5624 Haeccivitas
886 5563 1025 5624 Jerusa-
1114 5562 1156 5637 (l)
1177 5560 1355 5636 ucthpusge,
1368 5559 1680 5620 domusorlsvallium.
