3952 6188
200 334 261 402 ιιι
662 338 839 403 uouoau
860 338 906 403 ιιι
927 342 1076 405 erana.
1090 371 1132 388 -
1146 339 1379 409 saauouas.
1785 340 1853 407 ιιι

241 492 320 567 Quis
335 491 377 556 ab
392 509 432 558 eo
448 496 537 558 tutus
552 496 602 560 est
623 495 739 560 locust
754 501 833 571 Quae
847 500 993 563 claustra
1048 501 1159 566 oratos
1174 502 1225 563 est
1233 501 1363 579 jejunio
1376 499 1469 578 prius
1486 501 1655 577 aldoyse,
1677 502 1798 577 postea
1812 502 1853 562 in

199 590 252 652 illi
263 607 330 653 non
343 594 420 653 sunt
429 593 543 670 pervia
554 596 566 654 ι
576 595 747 672 Nusquam
757 598 808 658 est
819 599 991 669 securitas,
1048 594 1132 666 Elia,
1147 595 1233 657 idest
1246 596 1364 670 abege
1378 595 1411 655 et
1425 592 1605 670 prophetis,
1622 593 1746 655 deinde
1764 611 1854 656 con-

201 686 333 761 fratres,
350 704 456 767 neque
475 690 511 751 in
536 690 630 764 eoelo,
648 708 754 770 neque
770 693 804 754 in
825 694 991 771 paradiso,
1048 691 1197 753 firmatus
1210 707 1229 753 a
1244 692 1386 763 Cirristo,
1402 690 1460 768 qui
1473 690 1525 751 est
1544 691 1625 751 novi
1641 692 1853 755 Testamenti

199 785 423 847 multominus
438 786 473 848 in
487 788 621 849 mundo.
636 790 781 851 Decoelo
801 790 889 852 enim
900 791 992 853 ceci-
1048 789 1144 853 lator.
1172 790 1252 852 Post
1273 788 1493 866 quadraginta
1516 787 1645 849 dierum
1661 788 1849 864 jejunium,

202 881 250 943 dit
263 883 409 959 Angelus
429 883 489 945 sub
511 887 688 962 praesentia
707 886 892 950 divinitatis
906 891 991 965 ejus,
1048 889 1179 963 Moyses
1196 888 1246 947 est
1262 886 1412 961 angelico
1436 884 1602 962 wlloquio
1625 884 1848 957 confortatus,

199 979 304 1041 Adam
319 981 355 1041 in
368 980 577 1059 paradiscde
596 983 668 1046 loco
682 985 874 1062 voluptatis,
889 986 993 1048 iudas
1048 984 1137 1047 Elias
1156 983 1397 1045 infortitudine
1420 980 1487 1043 cibi
1504 981 1648 1058 angelici
1663 982 1851 1059 senitpost
1971 974 1972 1033 ἐ

199 1076 237 1138 iu
270 1078 391 1139 mundo
423 1079 464 1140 de
494 1080 610 1142 schola
644 1082 836 1144 salvatoris.
867 1082 994 1145 Idcirco
1048 1081 1267 1158 quadraginta
1302 1079 1373 1141 dies
1408 1094 1513 1157 usque
1543 1078 1585 1140 ad
1608 1079 1757 1143 montem
1783 1079 1849 1141 Dei

200 1173 357 1247 diximus,
374 1190 416 1236 ne
429 1176 577 1253 quissibi
597 1176 638 1238 de
653 1179 800 1256 quolibet
811 1179 883 1243 loco
897 1179 995 1241 blan·
1048 1177 1155 1239 Oreb:
1177 1178 1231 1239 Illi
1251 1192 1318 1241 non
1341 1176 1497 1254 leguntur
1518 1176 1680 1248 esurisse,
1705 1178 1850 1239 utasset

200 1271 321 1345 distur,
337 1273 414 1350 quia
430 1274 684 1351 dicitur:Locus
698 1278 991 1351 istesauciuscst,
1048 1274 1235 1352 exemplum
1259 1274 1382 1337 divinas
1404 1274 1571 1350 potentia,
1600 1272 1662 1335 sed
1689 1273 1845 1335 cbristus

199 1369 361 1445 quianon
382 1370 476 1433 locus
500 1372 662 1445 homines,
685 1375 743 1435 sed
764 1375 915 1436 homines
938 1375 993 1437 lo·
1044 1372 1210 1451 jejunarit
1218 1373 1251 1434 et
1259 1372 1387 1443 esuriit,
1397 1372 1434 1433 ut
1443 1371 1551 1433 celata
1559 1370 1694 1432 diabolo
1712 1386 1847 1447 suspo-

200 1482 275 1528 cum
289 1467 509 1541 sanctificant,
525 1486 591 1531 non
605 1470 641 1531 in
656 1470 740 1543 loco,
753 1472 855 1533 sedin
870 1472 992 1535 menta.
1047 1470 1152 1535 tentia
1178 1470 1387 1531 occasionem
1412 1467 1562 1533 tentandi
1588 1466 1724 1529 diabolo
1758 1483 1843 1529 eon-

198 1564 261 1625 Hic
276 1580 355 1641 ergo
369 1567 513 1628 tentator
528 1569 594 1631 tam
608 1567 792 1631 sublimiter
807 1569 947 1631 callidus
961 1571 995 1631 et
1047 1565 1159 1629 terret.
1174 1566 1299 1628 Esuriit
1313 1565 1428 1637 edam,
1445 1565 1524 1643 quia
1537 1564 1688 1627 nostram
1702 1564 1843 1625 salutem
1903 1638 1907 1647 ⁸

199 1662 355 1738 antiquus
381 1663 522 1726 tentavit
554 1680 621 1726 nou
647 1665 815 1728 bominem
841 1668 993 1743 qrialem-
1048 1663 1259 1725 desideravit.
1276 1663 1355 1725 Plus
1367 1662 1651 1741 uoluitjejunare,
1668 1675 1713 1722 ne
1734 1660 1844 1737 ipsum

201 1772 354 1834 eumque,
377 1759 435 1820 sed
451 1761 560 1836 ipsum
578 1762 752 1823 Dominum
774 1765 899 1836 Jesum,
926 1781 993 1827 non
1049 1763 1151 1822 Deum
1176 1760 1319 1824 tenmtor
1345 1759 1558 1835 intelligeret,
1580 1758 1696 1819 minus
1722 1757 1842 1830 noluit,

199 1856 407 1932 peccatorem
430 1856 488 1918 sed
506 1859 723 1929 salvatorem,
743 1861 800 1937 qui
823 1864 993 1938 peecatum
1048 1874 1090 1921 ne
1110 1858 1219 1936 ipsum
1235 1860 1339 1919 Deum
1354 1872 1430 1921 esse
1450 1855 1627 1917 haereticus
1649 1854 1842 1930 denegaret

200 1967 267 2013 non
278 1952 367 2026 iecit,
381 1970 442 2016 nec
453 1955 608 2018 inventus
622 1959 672 2019 est
684 1957 779 2019 dolus
792 1958 828 2018 in
842 1974 899 2021 ore
910 1962 991 2036 ejus.
1048 1955 1271 2030 Quadraginta
1284 1954 1398 2019 diebus
1408 1953 1482 2019 cibo
1492 1953 1656 2028 indigens,
1668 1952 1750 2012 dum
1761 1967 1846 2013 mor·

200 2050 393 2112 Praecavent
404 2051 516 2129 itaque
530 2053 593 2115 sibi
608 2057 762 2131 peccator
780 2056 866 2132 quod
886 2057 996 2118 tenta·
1049 2054 1159 2117 taliter
1178 2052 1316 2120 viveret,
1330 2051 1506 2129 jejunavit.
1523 2049 1753 2125 Quadraginta
1770 2048 1843 2109 die·
1971 2102 1972 2121 ,

199 2145 254 2208 tus
269 2148 319 2209 est
332 2149 405 2225 ipse
421 2150 583 2223 Salvator,
608 2168 668 2213 nec
678 2153 788 2230 Justus
804 2154 848 2215 sit
860 2154 994 2215 omnino
1048 2150 1110 2212 bus
1125 2151 1199 2227 post
1212 2149 1489 2213 resurrectionem
1505 2147 1579 2209 cibo
1602 2162 1669 2207 non
1689 2146 1844 2221 indigens

200 2259 348 2317 securus,
375 2248 452 2324 quia
479 2248 624 2311 tentatus
647 2250 698 2312 est
713 2250 785 2327 ipse
810 2250 995 2313 benesed
1048 2263 1124 2309 cum
1147 2246 1319 2323 discipulis
1343 2245 1495 2306 comedit
1520 2247 1558 2305 In
1581 2243 1700 2320 primis
1720 2242 1844 2305 docens

200 2357 268 2404 nou
287 2343 440 2420 desperet
458 2344 555 2407 bomo
580 2347 719 2424 quilibet
741 2364 815 2410 cum
836 2348 992 2422 tenatur,
1050 2342 1216 2405 bominem
1239 2341 1275 2403 in
1298 2356 1405 2418 agone
1429 2339 1641 2410 contendere,
1669 2338 1706 2399 in
1727 2338 1844 2399 allisa

200 2439 279 2517 quia
300 2441 444 2505 tentatus
461 2444 514 2504 est
532 2460 592 2520 pro
614 2443 710 2506 uobis
733 2446 804 2523 ipse
829 2447 992 2518 Salvator,
1048 2439 1252 2505 vanitatibus
1260 2438 1376 2501 saeculi
1385 2436 1565 2510 declinare,
1576 2436 1664 2497 Sicut
1676 2435 1846 2497 dissltpw·

201 2537 239 2599 ut
260 2552 322 2599 sua
351 2539 536 2601 tentatione
564 2540 714 2603 vinceret
744 2545 907 2615 nostram,
937 2542 995 2619 qui
1047 2534 1492 2615 puetazwnecunaamaroet
1505 2537 1561 2608 fac
1570 2537 1698 2607 bimum
1711 2530 1844 2611 (ps-3⁶2

202 2649 265 2694 sua
289 2636 394 2696 morte
414 2637 562 2698 nostram
583 2639 733 2715 peremit.
757 2639 911 2701 Tentavit
933 2655 996 2700 au·
1048 2633 1113 2713 27).
1130 2636 1243 2712 Itaque
1257 2632 1458 2697 abstinentia
1475 2631 1543 2693 alia
1557 2632 1608 2697 est
1627 2630 1799 2701 moeroris,
1813 2631 1847 2691 et
1971 2664 1972 2705 ι

189 2731 268 2792 *tem
295 2747 363 2817 non
384 2733 420 2793 in
444 2733 516 2795 soro
542 2736 600 2796 sed
630 2736 665 2796 in
691 2735 836 2808 desert0‚
865 2750 932 2799 non
959 2738 994 2798 in
1050 2732 1117 2797 alia
1135 2731 1260 2806 gaudii.
1273 2729 1435 2800 Maeroris,
1454 2729 1507 2791 est
1532 2743 1667 2790 carnem
1685 2728 1844 2799 domares
1971 2722 1972 2785 l

201 2826 302 2889 trivio
323 2828 380 2889 sed
403 2828 437 2889 in
460 2831 593 2908 templo,
620 2849 686 2895 non
708 2833 743 2894 in
765 2834 854 2895 valle
877 2834 994 2895 humili
1049 2828 1162 2905 gaudii
1188 2827 1353 2889 desiderio
1380 2825 1500 2887 tuturae
1526 2826 1645 2901 patriae
1669 2824 1847 2887 comedere
1971 2824 1972 2851 ¹

201 2923 321 2986 sedin
345 2927 455 2988 monte
484 2929 627 2991 sublimi.
658 2931 748 2992 Idem
775 2932 832 3008 qui
856 2930 996 2993 tentavit
1050 2926 1213 2993 oblivisci.
1241 2926 1286 2986 Et
1314 2927 1476 2986 maedam
1509 2923 1661 2986 tentator
1695 2923 1793 2983 dixit
1816 2925 1848 2982 ei
1971 2958 1972 2987 1

200 3021 236 3082 in
264 3023 435 3098 paradiso,
464 3027 603 3089 tentavit
641 3028 677 3088 in
707 3043 829 3089 eremo.
859 3028 923 3090 Sed
958 3029 995 3089 in
1051 3022 1180 3103 (Mattlr.
1196 3037 1243 3094 ιν,
1254 3019 1299 3100 3).
1315 3021 1395 3083 visa
1410 3020 1520 3083 esurie
1531 3020 1634 3081 Deum
1649 3034 1717 3079 non
1729 3018 1843 3090 credit,
1971 3014 1972 3095 l

200 3118 356 3195 paradiso
376 3122 515 3185 tentavit
535 3123 678 3200 primum
693 3123 797 3185 Adam
812 3126 845 3187 et
860 3123 992 3197 devicit,
1049 3136 1146 3197 quem
1160 3117 1312 3195 fragilem
1331 3118 1431 3179 videt.
1452 3116 1546 3178 Unde
1563 3115 1683 3179 beatus
1703 3115 1844 3177 Ambro-
1971 3110 1972 3121 ³

200 3215 235 3276 in
256 3232 366 3280 eremo
391 3219 530 3281 anuuit
554 3221 734 3282 secundum
752 3222 857 3284 Adam
876 3223 909 3284 et
932 3223 994 3284 de·
1049 3219 1118 3278 sius
1129 3215 1297 3286 aitszui
1306 3213 1394 3275 essim
1408 3213 1628 3290 quadraginta
1642 3211 1761 3274 (ΗΘΜ
1772 3227 1846 3273 0⁸⁰·

199 3312 359 3387 vincitur,
390 3315 468 3393 quia
493 3334 559 3379 non
587 3319 638 3380 ast
660 3319 823 3396 potentia,
850 3332 917 3381 non
939 3336 995 3381 sa·
1049 3315 1117 3376 rire
1131 3328 1197 3374 non
1214 3312 1331 3390 potuit,
1347 3311 1489 3372 ostendit
1504 3325 1540 3372 se
1553 3325 1619 3371 non
1635 3309 1752 3370 cibum
1766 3325 1844 3371 cor·
1971 3304 1972 3343 ³

200 3410 337 3486 pientia,
352 3413 385 3475 et
398 3429 465 3475 uon
484 3416 535 3477 est
553 3416 728 3477 consilium
747 3418 863 3479 contra
882 3418 996 3480 Domi·
1049 3428 1176 3490 porum,
1193 3409 1251 3473 sed
1264 3409 1452 3471 animarum
1467 3408 1613 3468 esurisse
1626 3406 1784 3471 salutem.
1809 3406 1846 3469 at

200 3522 290 3569 num.
316 3510 390 3570 Non
415 3511 459 3572 sit
485 3526 565 3587 ergo
593 3512 775 3575 monachus
799 3528 936 3576 securus
960 3515 1006 3575 in·
1050 3510 1106 3587 qui
1129 3511 1199 3570 tum
1219 3506 1347 3578 esuriit,
1372 3505 1515 3566 ostendit
1534 3520 1569 3566 se
1593 3519 1710 3566 veram
1732 3520 1848 3565 susce-

203 3604 360 3677 claustr0,
381 3622 448 3668 non
478 3608 523 3670 sit
552 3610 690 3672 eremita
710 3626 846 3673 securus
872 3612 909 3672 in
934 3626 993 3672 so·
1049 3606 1137 3685 pisse
1172 3603 1388 3666 humanitatis
1421 3602 1586 3664 naturam.
1608 3619 1626 3661 a
1650 3600 1848 3664 movebatur

201 3700 352 3773 liturus,
375 3703 617 3780 quatemus
639 3709 690 3769 est
710 3706 816 3769 auam
833 3708 868 3769 in
889 3723 993 3785 para-
1049 3702 1201 3765 uuborus
1215 3701 1434 3778 quarrragmta
1447 3699 1728 3775 urorumjajumo.
1746 3698 1847 3759 scie-

200 3796 285 3857 diso.
816 3838 819 3843 ι
1049 3800 1104 3863 bat
1125 3799 1174 3861 tot
1193 3797 1309 3859 diebus
1326 3812 1430 3874 aquas
1450 3795 1564 3872 abyssi
1585 3794 1719 3865 effusas,
1740 3796 1775 3855 et
1798 3795 1849 3856 tot
1971 3810 1972 3841 ι

240 3893 394 3957 Τιιιιιιιι
413 3895 513 3957 etiam
535 3912 603 3959 non
624 3899 698 3975 post
717 3900 919 3974 convivium,
935 3901 994 3962 sed
1048 3896 1254 3973 exploratam
1267 3895 1403 3963 terrani,
1418 3895 1451 3955 et
1469 3892 1601 3954 totidem
1617 3891 1725 3968 Moysi
1736 3892 1849 3967 legem

202 3992 276 4069 post
289 3993 467 4070 jejunium,
491 4010 557 4056 non
572 3996 646 4072 post
660 3997 830 4073 peccatum
848 3998 905 4058 sed
921 4000 995 4076 post
1049 3994 1218 4056 abomino
1229 3992 1350 4063 datam,
1366 3991 1568 4067 itidemque
1580 3991 1680 4051 annis
1692 3989 1781 4051 tilios
1796 3992 1848 4050 Ιι-
1971 4028 1972 4061 f

200 4087 411 4165 baptismum.
430 4092 513 4162 Quia
528 4093 634 4168 magis
649 4094 785 4167 insistit,
802 4096 935 4171 satagit,
961 4098 995 4159 et
1048 4091 1119 4153 rael
1150 4091 1186 4152 in
1214 4105 1325 4151 eremo
1355 4102 1440 4165 pane
1467 4087 1673 4163 Angelorum
1700 4088 1843 4149 vixisse·

201 4185 341 4257 laborat,
358 4188 394 4248 ut
408 4188 544 4252 seducat
556 4190 623 4251 tam
637 4206 793 4267 maguum
808 4209 907 4270 quam
922 4209 995 4272 par·
1048 4189 1183 4250 Viderat
1193 4186 1322 4249 stellam
1332 4188 1365 4246 et
1374 4187 1501 4260 Magos,
1514 4183 1847 4246 audieratloaunem

200 4285 530 4362 vum,justumquam
540 4287 689 4364 impium,
701 4282 885 4366 sapientem
896 4306 993 4367 quam
1049 4282 1529 4358 clamantemfflacesaapnus
1541 4278 1730 4359 Dei(J0an.
1744 4297 1770 4354 1,
1782 4278 1847 4359 29),

202 4379 340 4454 fatuum,
358 4383 394 4443 ut
407 4382 443 4443 in
455 4384 647 4447 seductione
668 4387 780 4463 magni
794 4387 994 4451 seducantur
1049 4382 1200 4445 audierat
1220 4379 1409 4457 prophetas,
1431 4377 1558 4441 sciebat
1571 4377 1745 4440 Christum
1762 4394 1848 4441 veu-

201 4479 235 4540 et
257 4479 363 4554 parvi,
386 4480 422 4541 in
442 4482 633 4544 seductione
644 4484 727 4560 justi
743 4484 946 4547 seducantur
961 4489 994 4547 et
1048 4482 1180 4553 turum3
1205 4477 1263 4539 sed
1286 4476 1421 4553 propter
1440 4492 1534 4536 suam
1551 4475 1747 4550 superbiam
1770 4491 1848 4536 cre·

200 4573 306 4649 impii,
335 4574 371 4636 in
398 4576 590 4640 seductione
610 4579 778 4655 sapientes
791 4580 995 4644 seducantur
1048 4578 1127 4638 dere
1142 4574 1258 4646 noluit,
1270 4574 1346 4650 quia
1361 4590 1426 4636 non
1442 4572 1613 4633 humiliari
1626 4572 1685 4633 sed
1702 4573 1849 4635 exaltari
1896 4592 1902 4604 ·

201 4668 517 4734 attatui.1nmonte
536 4676 669 4739 excelso
686 4677 838 4751 permisit
858 4693 893 4738 se
916 4683 993 4741 ten·
1048 4674 1163 4745 voluit,
1189 4672 1275 4733 sicut
1299 4670 1419 4746 legitur
1442 4670 1477 4731 in
1502 4669 1607 4730 isaia:
1630 4674 1774 4731 Portam
1794 4685 1850 4732 sa-
1971 4734 1972 4737 ,

199 4766 267 4826 tari
283 4767 319 4827 ut
335 4769 532 4841 ostenderet,
558 4787 594 4833 se
606 4788 679 4834 esse
695 4776 817 4848 Regem
832 4790 947 4850 regum
962 4778 995 4839 et
1048 4775 1126 4833 dem
1143 4784 1258 4831 asceam
1278 4771 1315 4829 iu
1329 4770 1486 4840 aquilone
1505 4767 1540 4828 ct
1558 4781 1621 4828 cro
1639 4770 1769 4828 simiis
1791 4771 1849 4828 Al-
1971 4764 1972 4785 ³

200 4861 376 4923 Dominum
397 4863 649 4928 dominantium.
677 4871 772 4931 liuns
797 4871 861 4933 iste
887 4872 995 4935 ambi·
1049 4870 1181 4929 tissime
1210 4864 1267 4944 (Ιὸ.
1284 4881 1362 4936 ιιι,
1388 4866 1437 4936 13,
1462 4863 1526 4943 14)·
1550 4867 1716 4927 Deme-'1
1733 4866 1846 4935 3ΠίΜο
1971 4870 1972 4907 ³

200 4957 326 5019 tionem
343 4960 519 5034 signifieat,
543 4963 622 5040 quta
642 4964 716 5040 ipse
730 4965 770 5027 de
790 4971 902 5031 moute
914 4970 991 5042 isto,
1049 4981 1108 5027 suo
1119 4964 1275 5042 judicans
1290 4978 1357 5023 non
1371 4961 1441 5037 pati
1452 4961 1539 5022 valle
1550 4961 1586 5021 iu
1601 4960 1847 5033 infirmitatem,
1971 4946 1972 5025 ἶ

200 5054 296 5126 idest,
320 5055 361 5117 de
384 5056 564 5121 ambitione
585 5060 705 5123 cecidit
722 5064 755 5126 et
773 5064 857 5126 alios
872 5068 993 5129 multos
1050 5062 1113 5124 Sed
1128 5077 1202 5122 eum
1219 5059 1298 5122 talia
1318 5057 1516 5120 videbantur
1528 5073 1661 5133 magua,
1679 5075 1747 5120 nou
1771 5075 1848 5121 eum
1971 5064 1972 5079 ¹

199 5152 410 5229 praecipitare
424 5154 514 5216 lacit.
527 5159 563 5217 ln
576 5161 720 5221 montem
730 5161 917 5240 ducit,quia
927 5180 994 5225 am·
1037 5158 1305 5221 ·tamencredidit
1314 5156 1849 5234 assensum,etboclaciebatejus

199 5247 282 5310 bitio
297 5250 365 5312 alta
380 5251 471 5328 petit.
1049 5256 1213 5334 superbia.
1231 5254 1416 5321 Videndum
1431 5254 1527 5316 estin
1539 5270 1604 5330 qua
1618 5255 1753 5330 specie:
1785 5255 1847 5316 Di-

240 5346 425 5411 Videndum
446 5349 497 5411 est
522 5352 651 5428 quando
676 5355 827 5431 permisit
851 5371 888 5417 se
915 5357 992 5419 ten·
1048 5356 1126 5415 cunt
1153 5353 1285 5431 quidam
1304 5352 1392 5428 quod
1414 5351 1450 5412 iu
1472 5350 1585 5428 specie
1601 5351 1750 5415 bominis
1774 5352 1850 5413 dia-

200 5441 690 5523 tarimroodtcituvangelium:
707 5455 993 5525 ezcmjejuausset
1047 5451 1142 5513 bolus
1159 5450 1324 5535 apparuit,
1345 5449 1431 5526 quod
1459 5447 1660 5510 credendum
1688 5450 1752 5511 est.
1780 5449 1848 5511 lilii

203 5541 432 5615 quadraginta
444 5546 561 5606 diebus
579 5546 613 5607 ct
633 5549 864 5623 quodraginta
883 5551 994 5611 abacti·
1048 5549 1161 5612 dicunt
1186 5548 1271 5627 quod
1288 5548 1376 5610 totus
1397 5546 1431 5607 in
1456 5561 1518 5609 sua
1537 5544 1726 5609 substantia
1754 5549 1848 5609 visus

204 5629 563 5717 bras(bdattb.1v‚2).
602 5642 664 5702 Hic
692 5658 848 5706 numerus
876 5660 994 5711 conse-
1047 5646 1107 5708 est.
