3960 6188
75 305 153 368 853
620 300 665 364 IN
688 301 1038 364 RESURRECTIONE
1058 301 1221 365 DOMINI.
1682 307 1741 369 854

76 464 252 540 gellatur,
269 460 472 540 conspuitur,
488 460 593 539 spinis
608 462 797 534 coronatur,
815 477 894 523 cru·
947 462 1037 523 mata
1063 462 1128 525 ista
1156 461 1360 525 constituunt
1389 460 1607 539 fragrantiam
1635 463 1741 526 divini

76 561 218 623 ciflxus
233 559 386 621 manibus
405 558 607 638 etpedibus,
631 560 735 621 latere
754 558 894 635 contigi-
947 559 1086 631 amoris,
1120 574 1192 636 quae
1221 560 1355 637 proprie
1379 559 1535 621 dicuntur
1564 575 1608 621 ex
1634 560 1742 621 tribue

75 658 161 727 tur,
191 659 224 720 et
249 657 298 719 ita
326 672 442 718 saccus
469 656 505 718 in
536 673 599 734 quo
627 657 752 719 latebat
778 655 893 716 mundi
948 656 1065 718 oonilci
1080 655 1267 733 speciebus,
1285 657 1420 734 myrrha
1439 657 1576 729 scilicet,
1595 658 1692 719 thure
1709 659 1743 719 et

78 755 308 831 Redemptor,
330 754 524 816 conciditur.
948 754 1125 830 pigmento,
1146 755 1224 830 quia
1243 769 1286 815 ex
1303 755 1534 829 conjunctione
1550 755 1651 815 trium
1671 756 1743 815 vir-

129 851 221 924 Quid
250 854 351 928 ergot
377 851 560 913 Adoremns
588 866 703 911 omnes
730 850 827 928 proni
858 850 892 910 in
948 852 1065 922 tutum,
1086 850 1225 923 scilicet,
1243 850 1507 912 mortificationis
1522 852 1645 924 carnis,
1664 867 1743 913 ora-

77 949 200 1021 terra,
216 950 249 1011 et
270 949 438 1032 plorantes
451 963 564 1009 coram
582 947 722 1009 Domino
742 947 798 1024 qui
815 946 894 1009 iecit
947 947 1059 1020 bonis,
1075 947 1109 1008 θῖ
1117 962 1209 1025 purae
1224 946 1423 1008 humilitatis
1438 947 1622 1024 fragrantia
1637 948 1742 1009 divini

78 1062 170 1119 nos,
201 1046 350 1121 legamus
378 1043 412 1105 et
436 1043 645 1121 perlegamus
673 1042 893 1105 conscientias
948 1044 1071 1105 amoris
1086 1043 1270 1105 coniicitur.

79 1144 231 1205 nostras
246 1143 400 1203 oneratas
414 1142 570 1217 peccatis,
587 1140 720 1202 obiusas
733 1139 891 1213 tenebris,
988 1141 1080 1214 Quod
1103 1142 1213 1203 autem
1235 1140 1371 1218 myrrha
1398 1141 1618 1214 mortificatio,
1642 1142 1743 1206 thure

79 1239 244 1303 irretitas
275 1237 459 1311 illecebris,
490 1252 613 1314 pronas
650 1238 892 1314 concupiscen—
948 1240 1064 1311 oratio,
1082 1240 1218 1316 pulvere
1232 1239 1392 1316 pigmenti
1410 1255 1495 1316 pura
1509 1239 1741 1315 signeturbu-

79 1329 344 1409 tiis,'0bnoxias
356 1333 577 1412 passionibus,
591 1334 744 1411 impletas
758 1334 892 1396 illusio·
946 1338 1082 1410 militas,
1107 1338 1144 1399 in
1166 1337 1295 1415 prolato
1323 1337 1363 1397 de
1387 1337 1532 1399 canticis
1551 1337 1743 1400 testimonio

80 1433 207 1494 nibus.
226 1436 296 1494 Hoc
318 1435 370 1494 θεῖ
388 1431 586 1509 profundum
601 1431 687 1510 quod
709 1447 776 1492 non
797 1430 893 1492 babet
948 1435 1150 1511 perhibetur.
1177 1437 1259 1501 Quae
1278 1435 1340 1507 eat,
1364 1433 1481 1511 inquit,
1505 1434 1572 1496 isio
1590 1450 1667 1510 pute
1684 1450 1744 1497 os-

80 1530 245 1591 fundum.
275 1530 487 1591 acceleretur
508 1530 622 1606 itaque
647 1529 761 1590 nostra
789 1528 892 1589 satis-
947 1533 1133 1606 cenciiper
1146 1532 1344 1594 clocarium?
1357 1535 1405 1593 Ac
1428 1533 1457 1592 si
1472 1531 1599 1593 diceret
1614 1553 1621 1591 ε
1638 1533 1743 1603 Quam

81 1626 210 1698 factio,
227 1643 269 1687 ne
284 1626 475 1689 damnosior
486 1626 544 1688 ilat
558 1626 799 1703 procrastinata
814 1625 894 1687 dila·
948 1628 1154 1690 admirabilis
1168 1630 1219 1690 θεῖ
1235 1628 1346 1689 anima
1362 1630 1477 1689 sancta
1492 1644 1566 1705 quae
1579 1644 1680 1706 quum
1701 1629 1742 1689 ab

82 1724 153 1785 iio.
183 1727 306 1785 Breves
329 1724 419 1784 enim
441 1723 518 1784 sunt
538 1723 609 1783 dies
633 1723 751 1793 nostri,
772 1723 894 1785 transit
948 1728 1011 1788 hoc
1026 1727 1148 1788 mundo
1163 1725 1295 1788 ardenti
1318 1725 1482 1786 desiderio
1501 1720 1538 1787 ¹se
1557 1726 1666 1800 erigit,
1683 1741 1744 1802 per

81 1820 208 1893 homo,
225 1820 309 1896 sugit
321 1820 462 1896 tempus,
479 1835 568 1880 mors
583 1820 687 1891 adest,
704 1820 770 1880 imo
789 1820 894 1882 currit
945 1824 1124 1895 desertum,
1152 1822 1238 1900 quod
1267 1823 1391 1884 deserit
1409 1822 1545 1894 orando,
1573 1821 1744 1884 ascenditi

82 1917 123 1979 et
152 1917 307 1994 pervolat
324 1918 360 1978 in
384 1917 479 1993 equis
501 1917 534 1977 et
554 1915 718 1977 curribus.
748 1916 893 1977 Ardeant
948 1922 1011 1983 Sed
1027 1920 1193 1982 odorifera
1216 1935 1283 1981 non
1305 1922 1356 1981 esi
1378 1920 1545 1991 ascensio,
1563 1919 1629 1980 nisi
1644 1918 1744 1980 fuerit

64 2055 66 2059 «
82 2014 202 2091 igitur
219 2014 333 2087 animi,
349 2014 480 2091 plorent
493 2013 592 2085 oculi,
609 2014 742 2090 pectora
761 2014 894 2089 gemiti·
947 2020 1033 2081 sicut
1049 2018 1179 2093 virgula
1202 2016 1285 2077 fumi
1310 2033 1352 2077 ex
1373 2016 1587 2078 aromatibus.
1604 2016 1743 2091 Virgula

83 2116 171 2189 bus,
193 2117 312 2178 coelum
334 2115 473 2177 resultet
492 2113 704 2187 clamoribus,
723 2115 756 2177 et
773 2115 810 2176 ut
826 2115 894 2175 lin·
947 2117 1030 2179 iumi
1044 2117 1095 2178 est
1108 2117 1200 2177 recia
1214 2118 1248 2176 et
1259 2114 1394 2190 gracilis
1417 2114 1449 2176 θῖ
1462 2115 1497 2174 in
1512 2113 1647 2189 longum
1662 2127 1743 2190 por-

84 2229 198 2289 guam
226 2213 324 2274 acuat
350 2211 571 2282 conscientia,
601 2212 634 2273 θῖ
657 2211 893 2272 conscientiam
947 2214 1092 2284 recta,ei
1107 2228 1238 2294 semper
1250 2212 1286 2272 in
1301 2211 1404 2273 altum
1418 2210 1534 2272 tendit.
1551 2211 1653 2272 Recta
1668 2220 1744 2271 esse

78 2310 222 2387 judicet
241 2310 368 2385 lingua.
385 2308 476 2380 Quod
496 2308 525 2368 si
540 2306 608 2378 ilat,
615 2307 777 2384 respirate
792 2309 826 2369 ei
839 2323 894 2368 se·
948 2311 1045 2372 debet
1058 2312 1091 2372 et
1104 2309 1251 2387 gracilis,
1264 2308 1342 2385 quia
1357 2308 1449 2370 arcta
1463 2308 1518 2369 via
1535 2307 1586 2369 est
1599 2309 1633 2368 et
1644 2307 1744 2383 longa

82 2407 170 2469 curi
193 2407 312 2477 estote,
336 2407 415 2483 quia
439 2404 581 2482 deponet
605 2403 795 2481 iniquitates
814 2420 895 2466 nos·
948 2423 1022 2485 quae
1036 2408 1128 2469 ducit
1139 2423 1200 2468 nos
1215 2405 1256 2467 ad
1268 2421 1407 2481 regnum
1422 2405 1592 2467 coelorum.
1605 2405 1680 2466 Non
1694 2404 1745 2465 est

82 2505 181 2576 traS,
196 2505 229 2566 et
242 2503 439 2580 projicietis
454 2500 652 2579 protundum
665 2502 766 2563 maris
781 2503 893 2564 omnia
946 2505 1079 2581 virgula
1092 2504 1175 2580 ligni
1197 2502 1401 2566 insensibilis
1424 2502 1457 2564 et
1478 2500 1564 2575 duri,
1590 2502 1647 2563 sed
1662 2500 1743 2561 sumi

84 2601 234 2678 peccata
249 2601 362 2662 nostra
375 2601 449 2678 pius
464 2616 504 2661 ac
516 2600 707 2662 misericors
722 2600 890 2661 Dominus.
948 2602 1004 2680 qui
1024 2603 1166 2679 speciem
1180 2601 1280 2662 babet
1299 2616 1367 2661 non
1388 2598 1616 2661 substantiam.
1639 2599 1744 2669 Quum

85 2702 172 2776 Ipse
200 2698 303 2759 faciat
330 2698 386 2774 qui
414 2697 681 2761 estbenedictus
709 2697 745 2759 in
770 2698 892 2760 saecula
946 2699 1036 2761 enim
1051 2698 1208 2769 cernitur,
1231 2697 1357 2774 aliquid
1382 2711 1455 2758 esse
1470 2696 1619 2769 videtur,
1643 2708 1744 2770 quum

84 2794 305 2857 saeculorum.
324 2799 441 2857 Amen.
539 2780 542 2786 ’
946 2793 1065 2858 manus
1080 2789 1267 2873 apponitur,
1296 2794 1344 2854 nil
1364 2793 1544 2855 invenitur.
1566 2793 1621 2853 Sic
1637 2790 1744 2852 bonus

946 2895 1087 2972 quisque
1097 2893 1153 2954 hic
1167 2907 1241 2953 esse
1253 2891 1385 2953 videtur
1394 2906 1454 2968 per
1464 2889 1575 2952 carnis
1586 2888 1742 2966 speciem,

384 3046 388 3055 .
441 3014 549 3101 XXV
947 2991 1003 3052 sed
1020 2990 1209 3068 hujusmodi
1225 3005 1291 3050 non
1313 2989 1366 3050 est
1386 3003 1446 3065 per
1463 2986 1684 3048 dilectionem.
1705 2984 1746 3046 ut

947 3089 1084 3165 pulchre
1099 3087 1221 3148 dicitnr
1235 3102 1302 3146 non
1319 3085 1415 3159 virga
1429 3083 1523 3155 fumi,
1540 3083 1597 3144 sed
1612 3081 1744 3157 virgula

947 3187 1082 3262 propter
1113 3183 1329 3245 subtilitatem
1365 3179 1638 3256 compunctionis,
1664 3178 1744 3255 quia

197 3239 242 3300 IN
257 3237 607 3299 RESURRECTIONE
627 3237 790 3297 DOMINI‘
947 3281 1112 3343 interdum
1126 3279 1178 3340 vis
1189 3278 1313 3340 amoris
1325 3277 1427 3338 tantae
1440 3275 1631 3337 subtilitatis
1641 3276 1693 3335 θεῖ
1705 3274 1741 3334 in

131 3391 255 3449 Mario
279 3389 479 3463 maneamne
509 3386 544 3447 ei
572 3388 692 3447 Morio
716 3387 833 3446 Jacobi
860 3386 892 3445 ei
947 3378 1066 3439 ardore
1081 3375 1354 3453 compunctionis,
1380 3374 1417 3435 ut
1437 3389 1499 3434 nec
1522 3373 1595 3450 ipse
1613 3372 1744 3433 animus

88 3489 232 3547 saloma
251 3483 410 3545 amemini
432 3483 592 3543 oromate
611 3478 729 3560 (Marc.
754 3496 823 3553 xvi,
847 3479 891 3559 1).
948 3475 1227 3551 comprehendere
1255 3472 1419 3544 sufficiat,
1438 3488 1512 3549 quae
1539 3469 1745 3531 illuminatus

131 3579 325 3644 Secundum
340 3579 485 3640 litteram
500 3578 748 3640 commendatur
762 3578 892 3640 devotio
948 3573 1062 3634 sensit.
1079 3571 1219 3647 Virgula
1240 3571 1352 3632 autem
1372 3568 1454 3630 fumi
1478 3584 1521 3629 ex
1541 3562 1745 3628 aromatibus

90 3678 288 3740 sanctarum
305 3676 493 3745 mulierum,
510 3676 588 3752 quia
606 3666 692 3737 sicut
705 3675 894 3737 dilexerunt
948 3670 1127 3747 egreditur,
1153 3669 1230 3746 quia
1255 3667 1464 3745 compunctio
1494 3681 1537 3727 ex
1559 3663 1746 3740 fragrantia

91 3775 264 3836 Christum
284 3774 319 3833 in
338 3773 418 3845 vita,
440 3773 487 3835 ita
505 3772 694 3835 dilexerunt
712 3762 788 3851 post
803 3788 894 3834 mor·
948 3768 1055 3829 divini
1068 3766 1192 3829 amoris
1206 3767 1396 3841 generatur.

91 3870 175 3933 tem.
205 3869 392 3931 Secundum
415 3870 610 3945 allegoriam
630 3871 700 3932 tres
723 3871 796 3931 istae
819 3887 894 3930 mu·
989 3866 1053 3927 Sed
1069 3864 1169 3926 certa
1193 3864 1412 3940 suntspecies
1432 3860 1609 3938 exquibus
1627 3855 1746 3920 confici

91 3967 197 4030 lieres
210 3967 400 4043 significant
411 3968 476 4028 tres
491 3967 603 4044 paries
617 3967 730 4027 mundi
740 3967 781 4027 ad
795 3966 893 4027 fldem
947 3965 1051 4043 possit
1074 3964 1137 4025 hoc
1154 3978 1281 4031 aroma,
1298 3977 1438 4038 quarum
1457 3959 1584 4021 addidit
1597 3958 1743 4027 nomina,

93 4065 221 4126 Christi
244 4064 426 4135 venientes,
450 4063 616 4135 videlicet,
646 4064 770 4136 Asiam,
799 4063 892 4124 Afri·
947 4062 1091 4139 myrrhae
1115 4061 1148 4121 et
1168 4058 1276 4121 thuris
1300 4058 1334 4119 et
1354 4056 1500 4134 pulveris
1519 4053 1744 4132 pigmentarii.

93 4177 169 4222 carn
197 4161 230 4222 et
260 4164 436 4237 Europam.
465 4163 524 4221 Hae
553 4159 709 4221 mulieres
742 4161 894 4221 emerunt
947 4158 1084 4235 Myrrha
1099 4156 1300 4217 condiuntur
1315 4169 1455 4230 corpora
1470 4153 1687 4220 mortuorum,
1703 4166 1746 4212 ne

94 4259 257 4330 aromata,
283 4257 380 4328 idest,
402 4256 561 4317 virtutum
580 4256 701 4328 studia,
720 4272 793 4333 quaa
810 4270 892 4316 aro·
947 4253 1115 4316 vermibus
1138 4253 1402 4327 corrumpantur.
1424 4250 1542 4311 Carnis
1557 4265 1637 4324 ergo
1652 4262 1745 4308 mor-

93 4357 186 4417 mata
200 4354 322 4416 bonum
339 4351 462 4414 babent
476 4351 622 4423 odorem,
639 4354 717 4429 qula
735 4355 811 4414 sunt
825 4356 893 4415 Deo
947 4351 1163 4414 tiiicationem
1179 4348 1345 4424 significat
1369 4346 1516 4423 myrrha,
1537 4361 1611 4421 quae
1627 4359 1746 4420 corpus

94 4452 244 4529 accepta.
261 4451 355 4513 Unda
370 4450 495 4511 Paulus
512 4470 520 4509 ε
537 4451 665 4511 Christi
684 4453 790 4511 bonus
810 4455 894 4512 ocior
947 4449 1097 4510 nostrum
1111 4463 1131 4507 a
1147 4444 1322 4524 putredine
1337 4443 1480 4503 luxuriae
1495 4442 1660 4503 illibatum
1675 4456 1746 4501 cus-

94 4564 218 4610 snmus
238 4552 309 4610 Deo
335 4551 372 4609 in
391 4551 485 4608 mulii
508 4551 578 4608 ioco
601 4545 740 4624 (licor.
765 4563 802 4620 11,
827 4547 890 4628 15).
946 4546 1041 4609 todit.
1076 4544 1240 4606 Mortuam
1273 4540 1362 4602 enim
1395 4555 1528 4602 carnem
1556 4540 1746 4616 putrescere

95 4646 253 4709 Aromata
273 4645 494 4707 coniiciuntur
511 4660 554 4705 ex
573 4644 718 4721 myrrha,
741 4644 841 4706 thure
861 4646 894 4707 et
948 4645 1009 4716 est,
1026 4643 1088 4733 lroo
1103 4640 1243 4702 mortale
1272 4654 1392 4715 corpus
1406 4637 1550 4698 luxuriae
1565 4636 1744 4707 deservire,

96 4744 274 4819 pigmento.
306 4743 360 4804 sic
384 4742 472 4803 enim
501 4741 660 4802 habemus
686 4741 723 4804 in
748 4743 893 4805 canticis
948 4742 1034 4802 sicut
1072 4738 1119 4800 ait
1154 4736 1227 4800 ioel
1258 4735 1418 4813 propheta
1447 4734 1488 4796 de
1516 4734 1744 4812 quibusdam:

98 4840 308 4902 canticorum
328 4860 335 4899 :
357 4842 439 4906 Qnae
464 4840 516 4900 eat
539 4840 617 4911 isio,
641 4855 718 4913 quoe
739 4842 893 4902 ascendii
948 4835 1243 4911 computruerunt
1258 4833 1421 4906 jumento
1448 4835 1486 4893 in
1511 4834 1747 4895 stercorariis

93 4950 160 5008 per
172 4939 361 5008 decoriatur,
383 4938 472 4998 sioni
487 4940 624 5010 virgum
641 4939 731 5010 fumi
749 4953 796 5000 ex
811 4954 894 5000 aro-
948 4935 1045 5015 (Joel.
1062 4950 1085 5005 1,
1100 4929 1152 5011 17)
1170 4953 1177 4992 ε
1193 4931 1289 5001 idest,
1306 4931 1408 4992 vitam
1423 4930 1581 4991 finierunt
1595 4929 1748 4991 carnales

96 5037 244 5098 motibus
258 5040 412 5108 mprrlvae
426 5036 460 5097 ei
473 5037 586 5097 interis
603 5035 637 5095 ei
650 5039 807 5096 universi
814 5042 894 5110 pul-
947 5034 982 5095 in
1006 5031 1140 5093 luxuria
1159 5045 1231 5090 sna.
1262 5029 1339 5089 ideo
1368 5028 1456 5090 dicat
1480 5027 1592 5089 anima
1616 5027 1723 5087 tidelis
1737 5047 1745 5086 ε

96 5137 189 5195 neris
204 5135 429 5210 pigmentarii
443 5131 550 5211 (Cani.
567 5147 617 5203 111,
631 5129 677 5209 6).
695 5131 892 5207 Pigmenta-
947 5133 1066 5191 Manus
1088 5144 1170 5189 meae
1185 5125 1432 5188 distillaverunt
1450 5125 1630 5203 myrrham,
1647 5122 1743 5194 idest,

98 5228 166 5291 rius
181 5231 232 5291 θεῖ
246 5229 412 5305 Christus3
427 5229 594 5306 pigmenta
609 5230 642 5290 et
654 5228 803 5290 aromata
817 5230 894 5290 sunt
948 5243 1050 5305 opera
1068 5241 1142 5286 mea
1156 5224 1424 5303 propagaverunt
1443 5220 1742 5283 mortificationem.

98 5325 253 5403 virtutes3
274 5327 411 5404 myrrha
432 5327 544 5387 carnis
570 5325 792 5394 mortificatio,
815 5326 892 5387 thus
947 5326 1058 5386 Thura
1081 5339 1161 5384 vero
1184 5321 1382 5398 exprimitur
1410 5319 1529 5390 oratio,
1555 5317 1747 5378 testimonio

99 5425 218 5486 meniis
243 5424 390 5496 devotio,
414 5423 590 5484 universus
612 5422 720 5500 pulvis
741 5422 893 5498 pigmen·
948 5422 1116 5500 prophetae
1132 5419 1296 5481 dicentisz
1326 5416 1514 5491 Dirigoiur
1537 5414 1649 5474 oratio
1667 5429 1747 5475 mea

99 5519 175 5582 tarii
198 5522 358 5584 virtutum
377 5521 525 5582 omnium
540 5520 725 5581 multitudo.
747 5521 787 5581 Et
807 5520 893 5581 sicut
946 5521 1034 5582 sicta
1058 5524 1239 5582 iiicensnm
1258 5514 1366 5596 (Cant,
1387 5530 1419 5584 v,
1438 5510 1484 5590 5).
1507 5511 1649 5572 Pulvere
1668 5510 1746 5588 pig-

102 5615 135 5679 ln
158 5620 259 5693 vitiis,
283 5620 330 5681 ita
345 5619 381 5680 in
407 5615 583 5679 virtutibus
605 5616 782 5679 invenitur.
806 5619 893 5680 Aro-
948 5619 1049 5680 manti
1065 5632 1148 5696 pura
1160 5613 1343 5682 humilitas,
1356 5612 1393 5671 ut
1406 5607 1567 5686 puritatis
1578 5608 1749 5671 examina·
