3952 6188
235 332 295 395 747
699 327 875 393 HONORII
896 328 942 390 ΠΙ
967 326 1115 393 OPERA.
1132 359 1170 375 -
1186 328 1418 393 SERMONES.
1826 328 1887 393 748

236 488 495 568 profunditatem
529 488 583 554 vel
609 488 803 566 voraginem
829 487 977 551 interni.¹
991 489 1032 553 Et
1084 487 1166 551 tatto
1187 488 1358 551 difficilius
1385 486 1636 565 vinctusque
1654 485 1751 549 intus
1776 502 1887 565 oppu-

235 589 316 650 tnno
341 588 493 653 homines
521 587 670 664 maligni,
691 589 825 665 accepta
840 585 1028 651 sententia:
1083 586 1252 662 gnansde
1269 602 1354 648 novo
1377 587 1493 647 contra
1512 600 1573 646 nos
1595 585 1788 647 roboratur.
1819 585 1882 646 Sed

235 686 288 748 Ite
308 688 480 748 maledicti
493 690 531 747 iu
548 690 664 763 tpuem
685 686 867 756 oeternum,
892 685 1031 747 descen·
1084 683 1254 745 sciendum
1277 684 1328 746 est
1352 682 1449 745 nobis
1483 682 1567 760 quod
1599 683 1744 743 tentatio
1773 681 1883 743 tribus

235 783 313 845 dent
340 783 489 845 viventes
509 783 545 843 in
561 782 728 847 infernum
751 782 837 845 sicut
861 781 1030 844 descendit
1083 781 1189 844 modis
1210 782 1330 857 agitur,
1357 782 1444 843 sicut
1468 780 1517 842 ait
1538 778 1657 840 beatus
1672 778 1880 855 Gregorius:

233 880 364 942 Dathan
387 881 419 943 et
437 880 581 958 abyron.
606 880 737 942 Tertius
763 879 834 941 dies
866 880 916 941 est
939 878 1036 941 desi-·
1082 879 1351 956 «suggestione,
1378 877 1598 940 delectatione
1617 878 1650 938 et
1666 891 1881 938 consensu»

233 978 354 1053 gnatus
374 977 410 1038 in
426 993 476 1049 eo,
493 993 558 1055 quo
583 977 737 1041 Salomon
761 976 927 1039 dedicavit
943 978 1029 1041 tem·
1082 977 1168 1054 quod
1189 977 1225 1038 in
1240 977 1347 1053 primo
1361 973 1703 1052 parentedidicimns,
1723 973 1755 1034 si
1776 975 1879 1050 gesta

233 1073 336 1151 plum,
352 1075 386 1135 et
399 1073 477 1135 iecit
488 1073 700 1137 testivitatem
715 1090 790 1136 cum
805 1074 896 1136 omni
911 1074 1024 1136 lsrael.
1080 1075 1131 1136 rei
1154 1074 1304 1136 ordinem
1326 1072 1491 1135 subtiliter
1507 1086 1697 1150 pensemus.
1724 1071 1876 1133 Primum

234 1170 390 1232 Salomon
407 1170 573 1247 significat
592 1171 769 1245 Christum,
791 1172 848 1249 qui
862 1171 1027 1233 dedicabit
1079 1173 1193 1249 itaque
1212 1170 1276 1233 iuit
1289 1185 1348 1247 per
1362 1170 1503 1243 bostem,
1524 1170 1707 1232 secundum
1722 1184 1807 1231 vero
1820 1184 1878 1246 per

231 1266 390 1346 templum
403 1266 436 1329 et
450 1268 669 1331 sanctificabit
680 1269 863 1331 Ecclesiam
875 1270 1026 1341 suamet
1080 1284 1225 1341 carnem,
1246 1268 1382 1331 tertium
1398 1283 1479 1329 vero
1495 1282 1555 1345 per
1577 1267 1738 1345 spiritum
1753 1280 1875 1343 perpe·
1933 1334 1936 1338 Α

231 1362 332 1426 faciet
353 1363 566 1427 festivitatem
585 1381 659 1426 cum
678 1366 769 1427 omni
790 1365 905 1438 Israel,
926 1365 1023 1437 idest,
1079 1367 1196 1428 tratur.
1225 1368 1290 1428 Per
1315 1364 1462 1436 hostem,
1493 1365 1571 1442 quia
1594 1364 1778 1425 insidiator
1803 1380 1875 1426 cum

231 1460 367 1524 habebit
380 1462 539 1538 gaudium
561 1462 594 1524 et
608 1462 757 1525 laetitiam
777 1478 852 1524 cum
871 1461 1024 1525 omnibus
1079 1478 1181 1541 prava
1195 1463 1353 1540 suggerit,
1361 1478 1440 1525 earo
1454 1461 1714 1524 sedelectationi
1729 1460 1872 1537 subjicit

231 1558 356 1621 sanctis
369 1562 402 1621 et
415 1559 563 1636 Angelis.
579 1561 648 1622 Nos
663 1576 753 1635 ergo,
774 1559 907 1633 iratres,
930 1559 1026 1621 labo-
1078 1564 1177 1638 atque
1197 1561 1239 1622 ad
1262 1561 1446 1622 extremum
1470 1560 1607 1637 spiritus
1626 1559 1741 1621 rictus
1761 1558 1872 1619 delec-

230 1670 341 1716 remus
363 1656 605 1734 sicjejunando
627 1659 660 1720 et
682 1658 860 1733 affligendo
884 1672 1024 1733 corpora
1078 1658 1197 1721 tationi
1220 1657 1395 1720 consentit.
1425 1657 1524 1720 Unde
1545 1657 1579 1719 et
1602 1671 1748 1733 serpens
1776 1670 1872 1733 prava

230 1751 357 1824 nostra,
374 1755 409 1814 ut
432 1753 466 1813 in
485 1753 538 1814 die
555 1753 677 1831 jcjnnii
701 1755 806 1817 nostri
833 1755 1025 1817 inventatur
1078 1755 1244 1831 suggessit
1256 1755 1389 1817 dicens:
1405 1755 1651 1830 Gurproeceptt
1660 1757 1873 1823 vobtsDeus,

228 1847 384 1910 voluntas
398 1853 470 1927 ejus
486 1849 521 1912 in
542 1850 648 1922 nobis,
663 1851 717 1929 qui
733 1851 892 1913 venturus
907 1852 1025 1928 estJ'u-
1076 1854 1114 1914 st
1127 1853 1582 1915 uonoomederettsdeomut
1593 1853 1875 1928 tipuoparadr‘rti

229 1944 342 2007 dicare
368 1947 463 2010 vivos
491 1949 524 2010 et
550 1948 697 2010 mortuos
725 1951 758 2011 et
771 1949 941 2028 ‚saeculum
964 1964 1024 2027 per
1077 1953 1140 2013 cut
1153 1952 1332 2023 respoudit
1346 1953 1496 2011 mutter·
1509 1953 1550 2011 de
1564 1949 1684 2023 pactu
1700 1952 1873 2025 ttprsoman

228 2041 351 2119 ignem.
1076 2060 1154 2122 prcoe
1163 2049 1474 2123 stcattuporodtro
1492 2046 1876 2120 acerimum-desmate

1075 2159 1160 2206 aero
1168 2148 1253 2221 tigni
1267 2144 1469 2218 prodestis
1482 2147 1594 2205 medio
1604 2145 1782 2218 paradisi,
1793 2159 1885 2218 prce·-

582 2249 674 2337 XIV
1075 2241 1165 2317 cepit
1198 2243 1295 2304 nobm
1320 2244 1488 2304 Dominus
1521 2254 1568 2303 :te
1596 2243 1872 2310 comederemus,

1076 2340 1109 2400 et
1123 2354 1168 2402 ae
1182 2339 1364 2416 tangemus
1381 2341 1473 2411 illud,
1496 2353 1541 2400 ue
1554 2338 1647 2413 sorte
1662 2341 1872 2400 amaremur.

228 2452 274 2517 nv
304 2454 632 2526 Qunnnaonsrun
662 2453 867 2515 nortuum
887 2454 1022 2516 rurus
1075 2436 1876 2514 nurtauemserpensacmuoram:nean-

1075 2548 1180 2608 puum
1198 2534 1311 2596 morte
1333 2535 1551 2606 moriemini,
1572 2533 1637 2593 sctt
1664 2535 1765 2594 euim
1786 2536 1875 2594 Dens

267 2632 398 2693 Ductus
411 2633 464 2694 eet
476 2634 578 2694 Jesns
591 2634 630 2693 tu
643 2629 758 2695 desert
776 2645 820 2693 ‘m
840 2646 864 2694 a
880 2632 1019 2706 spirttu,
1075 2634 1156 2705 quta
1170 2634 1208 2692 tn
1219 2644 1431 2705 quacumque
1445 2633 1500 2691 dte
1510 2630 1742 2691 comederem
1756 2645 1807 2692 em
1824 2645 1874 2701 eo,

227 2728 266 2790 nt
279 2728 476 2790 tentaretur
488 2745 512 2791 a
525 2729 664 2792 utonem.
680 2727 726 2791 st
739 2731 1021 2802 cumjajuuusset
1074 2728 1279 2802 spectentur
1298 2732 1385 2789 oculi
1402 2728 1513 2789 vestri
1530 2727 1565 2789 et
1583 2727 1684 2788 eritis
1702 2728 1799 2789 sieut
1817 2731 1876 2800 dit,

227 2825 461 2901 quodraginta
483 2828 610 2898 diebus,
631 2826 664 2888 et
682 2828 914 2903 quodraginta
934 2841 1019 2888 uoc—
1073 2825 1223 2887 scientes
1237 2828 1362 2887 borram
1375 2825 1408 2886 et
1420 2830 1552 2887 motum
1564 2821 1658 2903 (Gen.
1674 2840 1729 2896 111,
1749 2825 1782 2896 1,
1799 2827 1831 2893 2,
1844 2826 1875 2897 3,

227 2923 328 2994 tibus,
339 2923 462 2996 postea
476 2923 599 2985 esuriit
613 2920 742 3002 (Mattb.
760 2938 808 2996 1v,
823 2924 852 2996 1,
867 2921 915 3002 2).
1074 2925 1104 2993 4,
1119 2920 1166 3001 5).
1183 2924 1250 2983 Eva
1266 2925 1376 2983 autem
1393 2922 1488 2999 quasi
1503 2938 1582 2983 caro
1600 2937 1636 2983 se
1654 2921 1875 2985 delectationi

267 3023 304 3081 In
322 3020 385 3081 hac
400 3019 592 3096 evangelica
606 3020 748 3082 lectione
763 3021 905 3098 quatuor
925 3020 1020 3085 nobis
1074 3018 1230 3081 subdidit.
1245 3019 1340 3083 Unde
1353 3019 1388 3080 in
1400 3019 1541 3080 Genesi:
1562 3020 1651 3083 Vr'dtt
1672 3020 1788 3096 igitur
1798 3035 1877 3080 mu-

225 3115 381 3177 videntur
393 3132 466 3177 esse
475 3116 727 3189 consideranda,
741 3116 905 3189 videlicet,
918 3133 1021 3194 quaro
1074 3119 1139 3177 tter
1157 3119 1245 3189 quod
1269 3120 1393 3178 bouum
1412 3119 1501 3179 esset
1519 3120 1654 3193 liparem
1671 3119 1717 3178 ad
1730 3131 1876 3178 wrcen-

226 3214 386 3276 nominas
409 3214 522 3277 noster
540 3215 692 3292 permisit
711 3231 748 3275 se
769 3216 926 3277 tentaria
947 3215 1022 3276 dia·
1075 3216 1167 3285 dum,
1183 3213 1217 3275 et
1222 3219 1406 3289 paucarum
1420 3217 1526 3277 cordis
1537 3216 1749 3290 aspectuque
1761 3217 1872 3275 detec-

225 3310 313 3384 bolo,
329 3312 363 3373 et
374 3311 442 3383 ubi,
458 3314 491 3375 et
505 3312 648 3390 quando,
664 3314 698 3375 et
711 3313 822 3390 inqua
836 3314 958 3390 specie.
1075 3311 1281 3383 tardatum
1295 3314 1336 3373 de
1350 3312 1468 3386 truetu
1480 3315 1556 3385 ejus
1567 3313 1601 3373 et
1609 3313 1761 3373 concedit
1776 3309 1870 3389 (ibid.

266 3411 375 3481 Quare
388 3409 538 3486 permisit
558 3426 594 3472 se
606 3410 749 3472 tentarit
774 3410 951 3473 Sciendum
971 3410 1021 3473 est
1074 3423 1124 3479 111,
1138 3405 1184 3486 6).
1212 3408 1317 3469 adam
1340 3424 1419 3470 vero
1447 3409 1539 3471 velut
1563 3409 1704 3487 spiritus
1729 3423 1870 3484 sugges-

226 3506 303 3583 quia
319 3509 460 3584 quatuor
479 3507 520 3567 de
534 3507 645 3568 causis
663 3508 814 3585 permisit
828 3524 865 3570 se
885 3509 1018 3570 tentari.
1074 3505 1176 3576 tione,
1202 3506 1235 3566 et
1259 3504 1478 3568 delectatione
1497 3507 1675 3583 superatus
1690 3504 1870 3567 consensit

226 3603 339 3665 Prima
357 3604 407 3665 est
429 3603 464 3665 ut
478 3602 645 3665 diabolum
660 3605 888 3681 multipliciter
906 3607 1022 3667 vince-
1076 3601 1169 3663 Unde
1196 3601 1377 3664 subditur:
1405 3603 1571 3677 Dedttoue
1599 3607 1679 3665 otro
1710 3618 1788 3677 suo,
1814 3604 1872 3677 put

225 3698 287 3769 vet,
310 3698 455 3759 secunda
471 3702 506 3760 ut
524 3702 699 3761 Dominum
714 3704 846 3763 Patrem
861 3702 1018 3779 placaret,
1074 3700 1229 3762 comedit.
1257 3700 1304 3761 Et
1329 3702 1443 3775 aperti
1469 3699 1551 3762 suast
1579 3703 1667 3762 ocuti
1687 3704 1874 3763 anserum

225 3795 325 3857 tertia
333 3795 370 3857 ut
381 3794 507 3857 bomini
518 3797 705 3873 exemplum
716 3798 888 3873 praeberet,
902 3801 1021 3875 quarta
1076 3795 1172 3876 (lbid.
1189 3812 1239 3868 111,
1252 3799 1283 3868 6,
1295 3794 1340 3876 7).
1354 3798 1453 3858 Prius
1468 3798 1557 3858 enim
1569 3813 1666 3874 quarn
1678 3797 1872 3874 peccarent,

226 3895 407 3981 utomnem
420 3892 586 3971 justitiam
603 3894 809 3971 adimpleret.
826 3899 863 3956 ln
879 3895 931 3957 bis
945 3898 1021 3959 ten·
1075 3910 1142 3955 non
1167 3894 1323 3956 viderunt
1346 3909 1382 3956 se
1412 3910 1487 3959 esse
1520 3895 1649 3965 nudos,
1672 3898 1792 3973 postea
1810 3911 1872 3957 oo·

209 3990 406 4053 stationibus
429 3989 580 4052 diabolus
598 3991 647 4052 est
669 3991 895 4069 multipliciter
913 3994 1020 4056 victus
1074 3992 1271 4067 gnoverunt.
1288 3990 1382 4053 Unde
1397 3992 1598 4067 Gregorius:
1615 4009 1634 4052 ‹
1650 3993 1872 4069 Suggestione

226 4088 304 4164 quia
319 4088 377 4164 qui
388 4088 531 4164 primum
544 4088 721 4163 bominem,
735 4090 831 4163 idest,
847 4090 952 4153 Adam
964 4093 1021 4154 tri·⁴
1074 4089 1316 4163 cognoscimus,
1342 4088 1564 4155 delectatione,
1585 4088 1767 4161 vincimur,
1788 4104 1870 4152 con-

224 4184 287 4246 bus
305 4185 542 4247 tentationibus
559 4185 696 4259 vicerat,
713 4187 748 4248 in
766 4187 890 4250 eisdem
906 4191 1018 4252 tenta-
1074 4200 1174 4246 sensu
1193 4186 1293 4247 etiam
1316 4185 1506 4262 ligamur.»

223 4282 404 4345 tionibusa
420 4283 564 4345 secundo
577 4284 722 4358 homine,
738 4285 836 4355 idest,
852 4303 872 4347 a
888 4287 1017 4350 Christo
1113 4285 1152 4344 Et
1171 4286 1248 4343 nota
1269 4283 1355 4360 quod
1375 4283 1533 4361 quidquid
1556 4283 1593 4343 'in
1607 4283 1736 4345 mundo
1751 4284 1814 4355 est,
1837 4283 1872 4343 ut

225 4383 275 4443 est
289 4384 475 4460 superatus,
493 4383 571 4460 quia
590 4399 658 4445 non
677 4384 783 4460 potuit
802 4385 850 4445 sic
868 4384 908 4445 de
931 4402 1019 4447 novo
1072 4380 1218 4441 Joannes
1243 4380 1301 4448 ait,
1315 4380 1591 4457 concupiscentia
1611 4381 1728 4441 carnis
1750 4382 1813 4452 eat,
1840 4380 1872 4440 et

223 4480 300 4542 isto⁴
314 4481 459 4554 homine,
482 4482 567 4543 sicut
590 4481 631 4542 de
658 4481 764 4544 veteri
789 4481 1016 4558 triumphare,
1072 4474 1340 4553 concupiscentia
1355 4478 1536 4548 oculorum,
1559 4478 1592 4539 et
1611 4478 1869 4554 superstante,

224 4577 302 4654 quia
312 4579 438 4653 primns
453 4579 552 4640 homo
563 4579 603 4640 de
617 4579 707 4640 terra
725 4580 889 4651 terrenus,
903 4595 1019 4641 seeun-
1071 4574 1214 4649 pertinet
1228 4574 1269 4635 ad
1284 4575 1480 4651 voluptates.
1494 4575 1778 4652 Concupiscentia
1794 4591 1871 4636 oar-

224 4673 286 4733 aus
300 4674 399 4735 nomo
413 4675 454 4736 ue
469 4675 552 4736 coelo
569 4676 723 4747 celestis,
749 4677 783 4738 et
800 4677 857 4753 qur
875 4675 917 4738 aa
933 4677 1017 4739 coelo
1072 4670 1135 4741 nis,
1154 4672 1425 4748 concupiscentia
1445 4671 1617 4733 oculorum
1637 4672 1682 4735 aa
1701 4687 1798 4749 opas,
1816 4688 1873 4732 su-

223 4770 314 4831 venit
337 4787 436 4846 super
450 4787 564 4833 omnes
579 4776 640 4834 est.
664 4773 799 4834 Tentari
816 4774 922 4851 potuit
939 4775 1016 4852 quia
1071 4767 1186 4844 perbia
1202 4769 1279 4831 vitae
1299 4769 1441 4847 pertinet
1459 4768 1501 4830 ad
1524 4769 1682 4832 honores.
1700 4773 1740 4831 ln
1755 4770 1873 4846 volup-

222 4864 339 4937 voluit,
354 4866 411 4926 sed
426 4868 578 4942 superari
597 4884 665 4929 non
682 4869 801 4945 potuit,
817 4870 895 4947 quia
910 4870 1018 4934 noluit
1070 4865 1193 4929 tatibus
1214 4868 1319 4929 tentat
1344 4882 1404 4944 per
1427 4867 1538 4943 gulam
1565 4866 1602 4928 et
1625 4867 1812 4929 luxuriam·
1836 4869 1872 4929 ln

223 4961 437 5023 succumbere
449 4963 617 5024 tentatori.
853 4980 855 4983 ·
1071 4962 1188 5040 opibus
1199 4965 1305 5026 tentat
1318 4980 1378 5041 per
1390 4963 1604 5041 cupiditatem
1622 4965 1659 5026 et
1678 4965 1870 5026 avaritiam.

263 5062 334 5121 Duo
347 5060 425 5121 sunt
439 5075 563 5134 genera
574 5059 812 5123 tentationum:
829 5081 931 5127 unum
953 5083 1016 5128 ex·
1071 5063 1113 5121 In·
1127 5060 1309 5122 honoribus
1326 5062 1432 5124 tentat
1452 5077 1512 5139 per
1532 5061 1728 5138 superbiam
1748 5064 1784 5125 et
1800 5066 1876 5141 jao-

221 5156 531 5229 terius,eta1terum
545 5156 696 5219 interius.
713 5162 1015 5225 Exteriortentatio
1070 5158 1220 5221 tantiam.
1230 5160 1378 5219 Primum
1389 5174 1531 5236 namque
1544 5159 1719 5220 bominem
1731 5162 1874 5223 tentavit

221 5254 272 5315 est
289 5252 421 5329 quando
437 5251 532 5313 nobis
551 5252 774 5316 extrinsecum
794 5258 918 5319 malum
944 5258 1015 5320 sive
1069 5256 1165 5332 gula·
1177 5255 1310 5334 quando
1322 5257 1489 5332 persuasit
1502 5257 1533 5317 ei
1547 5256 1724 5319 comedere
1738 5275 1874 5335 pomum

219 5349 407 5422 visibiliter,
421 5350 491 5411 sive
504 5347 719 5412 invisibiliter
733 5340 920 5416 laciendum
936 5373 1016 5431 sug·
1069 5354 1217 5415 vetitum.
1229 5354 1382 5415 ventam
1397 5354 1553 5431 superbia
1567 5354 1620 5415 vel
1637 5370 1728 5415 vana
1750 5356 1872 5432 gloria,

221 5446 359 5521 geritur.
393 5448 536 5510 Interior
567 5447 705 5510 tentatio
738 5450 788 5512 est
813 5454 943 5529 quando
972 5471 1014 5515 ex
1069 5451 1200 5529 quando
1215 5450 1316 5511 dixit:
1337 5453 1450 5513 Esttte
1467 5453 1558 5513 siout
1581 5454 1641 5523 atti,
1663 5451 1765 5525 idest,
1788 5454 1874 5514 sieut

221 5544 312 5603 motu
331 5560 442 5619 pravae
463 5544 692 5606 delectationis
711 5545 861 5611 internus
882 5550 1014 5613 animus
1068 5549 1190 5609 divinae
1211 5563 1372 5625 personae,
1392 5549 1556 5619 videlicet,
1574 5548 1677 5609 Pater
1696 5550 1733 5612 et
1752 5550 1881 5620 Filius,-

223 5636 266 5696 ad
278 5641 480 5712 peccandum
496 5640 704 5705 sollicitatur.
720 5647 799 5708 Hac
814 5649 925 5709 autem
939 5650 1014 5711 ten-
1068 5650 1099 5707 et
1114 5645 1257 5722 Spiritus
1272 5647 1424 5710 Sanctus.
1445 5646 1598 5709 rentaut
1608 5636 1802 5724 cupiditate
1819 5647 1872 5711 vel
