3936 6182
174 230 234 293 sot
781 198 970 283 'uouonn
993 221 1038 282 111
1060 221 1208 283 orsus.
1407 228 1411 235 ’
1764 226 1833 289 592

175 390 363 453 uenientem
385 384 526 449 audiuit.
541 380 634 457 Quod
657 381 712 445 ubi
733 396 795 444 rex
809 382 972 444 Henrlcus
1027 380 1201 458 sexaginta
1222 378 1525 442 MansIonariornm
1542 383 1579 443 B.
1599 382 1694 446 Petri
1713 385 1832 448 eccle-

176 489 212 550 ln
225 487 366 551 tentate
378 484 544 562 cognouit,
560 481 928 558 vehementerexpault,
940 482 973 542 et
1027 480 1123 552 siam,
1137 479 1195 557 qui
1209 479 1367 539 universa
1393 479 1542 541 oratoria
1564 496 1623 542 seu
1637 481 1834 544 ministeria

176 584 268 647 illico
289 582 331 645 ad
352 581 528 644 ecclesiam
548 581 582 641 S.
606 578 696 641 Petri
715 577 859 650 rediens,
875 577 972 639 domo
1026 579 1132 656 ipsius
1152 576 1315 649 ecclesiae,
1337 578 1461 654 praeter
1480 581 1589 656 majus
1603 579 1726 649 altare,
1738 596 1832 659 qun-

176 681 362 760 Capitolina
376 679 410 742 et
422 678 569 741 Leonica
584 676 719 739 civitate
732 676 899 738 destructa
910 672 971 755 (1),
1027 677 1103 739 dam
1130 674 1288 737 violentie
1316 673 1518 748 detinebant,
1544 678 1685 739 cunctas
1709 680 1831 740 oralo-

176 779 387 842 valefaciens
400 776 570 849 Romanis,
587 791 661 837 cum
673 774 790 836 eodem
802 772 971 845 Guiberto,
1027 791 1100 836 rum
1124 773 1369 836 advenientium
1389 772 1575 835 oblationes
1596 775 1633 836 in
1652 792 1737 836 usus
1749 793 1834 854 pro-

177 895 245 941 non
257 879 329 939 sine
342 877 445 939 multo
467 873 598 947 rubore,
615 872 755 950 aufugit.
770 874 806 934 ln
822 871 973 950 sequenti
1028 872 1118 950 prios
1128 870 1562 948 redigebantur-astantem
1572 872 1662 934 cives
1671 875 1829 945 Romani,

177 976 242 1050 die,
258 976 436 1053 antequam
452 976 573 1036 Senam
587 988 649 1033 rex
666 970 886 1049 peruenisset,
903 985 975 1031 me-
1028 970 1161 1032 uxorati
1176 985 1236 1031 sen
1248 967 1489 1042 concubinarii,
1505 968 1611 1031 barba
1631 971 1705 1033 resi
1719 973 1754 1034 et
1765 973 1833 1033 mi-

177 1076 325 1137 moratus
339 1072 503 1136 liebertus
521 1071 600 1143 dux,
615 1071 774 1148 tauquam
789 1068 841 1130 leo
860 1067 975 1130 sortis-
1028 1068 1118 1141 irati,
1145 1067 1341 1129 mentientes
1369 1067 1557 1129 oratoribus
1592 1070 1628 1131 et
1658 1071 1833 1147 praecipue

178 1172 281 1235 simus
296 1174 434 1235 Romam
450 1169 613 1231 violenter
623 1168 772 1239 intravit,
786 1181 885 1244 quam
907 1181 974 1227 non
1029 1165 1233 1228 multitudini
1251 1165 1433 1228 rusticanae
1450 1165 1717 1229 bombardorum
1733 1184 1834 1230 asse-

168 1286 237 1350 per
257 1269 438 1333 triennium
457 1268 543 1330 siout
565 1283 628 1328 rex
642 1264 818 1338 Henricus,
835 1264 975 1325 seduna
1028 1266 1141 1327 rentes
1156 1279 1193 1326 se
1207 1263 1397 1326 cardinales
1408 1263 1619 1341 presbyteros
1634 1281 1731 1341 esse;
1748 1282 1836 1344 qno-

177 1369 212 1431 et
233 1367 348 1430 eadem
363 1367 417 1428 die
441 1367 475 1427 in
497 1381 598 1427 mann
617 1363 729 1426 valida
751 1361 838 1441 cepit
854 1383 862 1422 ε
876 1362 975 1439 atque
1029 1379 1103 1424 rum
1118 1362 1231 1441 ntique
1243 1361 1466 1424 oblationibus
1476 1363 1633 1440 receptis,
1649 1363 1834 1440 indulgen-
1951 1434 1952 1439 ἵ

177 1465 406 1527 beatissimum
423 1466 557 1527 Putrem
580 1463 615 1524 et
636 1461 807 1523 dominum
826 1461 976 1521 nostrum
1029 1461 1110 1523 tiam
1126 1460 1176 1523 eis
1196 1462 1230 1523 et
1249 1459 1481 1522 remissionem
1502 1462 1716 1536 pecoatmm
1745 1477 1832 1523 ausu

178 1564 315 1641 Papam,
325 1560 585 1638 suffragantibus
598 1558 662 1621 sibi
675 1560 864 1620 sanctorum
870 1560 977 1635 Apos-
1031 1557 1646 1636 neiarioimpudenterpraestabant.lii
1655 1560 1841 1622 occasione
1953 1556 1954 1611 l

178 1662 322 1723 tolorum
333 1660 422 1722 Petri
436 1661 468 1721 et
483 1658 579 1721 Pauli
595 1657 734 1729 meritis,
750 1655 792 1718 ab
804 1654 976 1717 obsidione
1031 1655 1255 1720 custodiendae
1269 1656 1433 1730 ecclesie,
1452 1658 1695 1734 consurgentes
1708 1657 1835 1720 intem-
1954 1706 1955 1709 ,

179 1774 245 1837 qua
277 1756 452 1821 tenebatur
477 1755 706 1835 potentissime
730 1753 895 1816 liberauit.
922 1753 976 1814 Sic
1031 1756 1133 1834 posta
1148 1754 1256 1816 noctis
1269 1753 1416 1827 silentio,
1432 1754 1521 1817 iutra
1535 1757 1569 1818 et
1578 1755 1670 1817 circa
1683 1755 1838 1817 eamdem
1955 1772 1956 1799 ³

177 1851 978 1934 itaqueipanmuenerabilemciritatomvelociter
1032 1852 1209 1916 ecclesiam
1219 1851 1836 1932 multaimpunehomicidia,rapinas,
1956 1880 1957 1889 ι

179 1949 978 2031 expugnatam,sicutgloriosustriumphator,per
1032 1951 1128 2013 varia
1143 1952 1271 2027 stupra,
1289 1951 1322 2011 et
1343 1950 1477 2011 diversa
1497 1950 1675 2012 latrocinia
1697 1967 1842 2013 exerce-
1957 1988 1958 1995 ι

179 2051 341 2129 plurimos
369 2049 440 2112 dies
467 2049 625 2131 possedit,
646 2046 791 2110 vendens
817 2046 978 2124 plurimos
1034 2047 1134 2110 bant:
1147 2063 1242 2126 quos,
1265 2047 1352 2110 sicut
1371 2047 1528 2120 diximus,
1549 2046 1667 2110 beatus
1684 2048 1846 2111 Pontifex

179 2164 224 2211 ex
245 2148 329 2228 ipsis
352 2149 487 2227 perfidis
511 2146 651 2220 civibus,
668 2146 725 2224 qni
749 2146 924 2208 Dominum
946 2146 980 2206 et
1033 2145 1074 2208 ab
1090 2146 1208 2208 eadem
1231 2145 1375 2207 ecclesia
1395 2162 1462 2207 non
1479 2146 1552 2208 sine
1568 2147 1674 2208 multa
1693 2146 1845 2208 difficul-

180 2247 353 2310 Pastorem
365 2263 460 2308 suum
474 2244 687 2324 perdiderant
703 2266 710 2304 ε
727 2243 886 2322 quosdam
898 2258 979 2305 vero
1033 2246 1102 2307 tute
1112 2245 1306 2316 remouitet
1317 2244 1477 2306 custodiae
1490 2260 1605 2306 curam
1616 2245 1844 2307 bonestiscle·

180 2344 356 2417 mutilavit,
370 2345 403 2406 et
415 2344 575 2422 quosdam
588 2358 700 2405 secum
714 2341 868 2419 usquead
881 2340 981 2402 Cala-
1036 2342 1116 2404 ricis
1130 2346 1163 2404 et
1173 2340 1402 2404 sacerdotibus
1411 2342 1576 2405 commisit
1584 2344 1617 2406 et
1625 2343 1767 2406 tradidit
1775 2341 1839 2423 (3).

171 2442 287 2504 briam
300 2442 449 2519 captiuos
463 2441 575 2513 duxit;
585 2439 643 2501 sed
658 2439 693 2500 in
707 2440 862 2515 ingressu
873 2437 979 2515 ipsius
1034 2441 1096 2502 llic
1106 2440 1158 2503 ter
1171 2440 1353 2518 quaterque
1363 2455 1442 2503 vere
1451 2438 1567 2501 beatus
1583 2441 1754 2514 Pontifex,
1762 2442 1843 2520 post

174 2540 328 2603 ,ciuiuus
350 2539 520 2615 regionem
533 2540 790 2599 Lateranensem
806 2536 847 2597 ad
860 2536 979 2597 Colos—
1034 2539 1200 2601 diutiuam
1212 2536 1248 2599 in
1263 2537 1352 2601 Urbe
1366 2553 1506 2610 moram,
1516 2538 1690 2601 descendit
1704 2540 1742 2600 in
1753 2544 1843 2617 Apu-

182 2653 275 2699 seum
288 2635 339 2717 (a)
353 2637 441 2699 lerro
453 2637 487 2698 et
499 2635 633 2697 flamma
650 2633 831 2696 combussit
843 2631 902 2713 (2).
920 2635 979 2694 H's
1035 2637 1130 2711 liam;
1149 2638 1193 2708 et,
1201 2639 1397 2698 occurrente
1414 2635 1478 2697 sibi
1486 2639 1558 2714 jarn
1573 2636 1661 2700 dicto
1676 2637 1762 2699 duce
1773 2642 1844 2702 Ro-

89 2763 92 2769 ’
171 2735 286 2812 -igitur
302 2733 347 2797 ite
362 2733 516 2811 peractis,
531 2733 599 2794 dux
613 2732 654 2793 ad
669 2732 804 2810 propria
822 2731 933 2803 rediit,
948 2733 981 2793 et
1033 2736 1127 2797 berto
1145 2734 1329 2806 Guiscardi,
1343 2734 1475 2795 Salerni
1488 2735 1653 2797 ramosam
1667 2735 1843 2798 civitatem

171 2833 315 2895 -Patrem
331 2848 427 2892 suum
442 2830 638 2907 Gregorinm
652 2830 856 2901 Pontificem,
873 2828 908 2889 in
921 2832 981 2890 La·
1034 2832 1178 2909 gloriose
1192 2832 1338 2894 intravit
1355 2831 1567 2911 ibique‚dum
1577 2833 1697 2895 salutis
1710 2836 1840 2897 monita

173 2929 351 2993 toronensi
376 2929 499 3007 palatio
530 2928 699 2990 sedentem
724 2927 800 2989 cunt
822 2925 980 2988 iratribus
1034 2930 1244 2992 concurrenti
1256 2929 1376 3007 populo
1391 2929 1496 3002 daret,
1509 2932 1647 3008 repente
1663 2931 1701 2992 in
1716 2931 1841 2994 lectum

184 3028 254 3090 suis
278 3027 442 3106 episcopis
465 3027 498 3089 et
520 3024 763 3097 cardinalibus,
779 3025 815 3086 in
830 3039 911 3103 pace
929 3023 982 3085 di·
1033 3026 1243 3104 egritudinis
1262 3027 1429 3100 decidens,
1445 3027 1481 3088 iu
1498 3026 1595 3091 beata
1611 3028 1837 3104 consessione,

183 3126 285 3199 misit,
300 3126 556 3204 pertractantem
580 3124 737 3186 Ecclesiae
760 3122 894 3200 negotia
921 3138 980 3200 pro
1035 3118 1108 3204 post
1127 3124 1303 3199 modicum,
1319 3126 1407 3187 diem
1423 3125 1565 3188 feliciter
1585 3126 1710 3189 clausit
1726 3129 1843 3189 extre-

185 3225 238 3287 sui
261 3223 363 3286 oflicii
377 3222 498 3296 debito,
515 3223 556 3285 de
577 3222 720 3284 diversis
741 3221 856 3283 mnndi
875 3220 982 3298 parti-
1036 3241 1136 3285 mum.
1148 3223 1197 3285 Ad
1212 3227 1307 3302 cujus
1319 3225 1432 3302 utique
1443 3240 1574 3303 corpus,
1589 3224 1624 3287 in
1634 3227 1672 3286 Β.
1686 3226 1840 3288 Maunei

184 3321 473 3398 busemergentia.
1035 3319 1175 3382 basilica
1207 3319 1390 3381 honorilice
1419 3320 1635 3389 tumulatum,
1671 3319 1842 3382 mirabilis

224 3422 274 3482 15.
291 3421 352 3482 llic
378 3419 533 3481 liberavit
557 3418 599 3480 ab
625 3418 742 3481 illicita
766 3417 983 3495 occupatione
1036 3422 1124 3483 Dens
1137 3418 1239 3481 multa
1251 3417 1412 3479 miracula
1423 3418 1724 3496 operaridignatns
1733 3420 1797 3481 est.

222 3606 262 3677 (l)
283 3607 317 3664 V.
331 3606 426 3679 supr,
440 3604 494 3662 col.
507 3605 552 3673 cs,
562 3604 588 3661 la
600 3603 727 3662 mention
737 3601 822 3660 d'uue
834 3601 984 3676 mestique
1039 3620 1093 3679 peu
1103 3602 1237 3662 d'beures
1250 3602 1293 3660 les
1307 3602 1398 3676 paleis
1411 3603 1453 3661 les
1483 3603 1528 3661 lus
1540 3610 1712 3676 somptueux
1727 3603 1838 3660 n’oliri-

186 3675 293 3740 sanvte
307 3675 358 3731 des
374 3676 470 3732 rnincs
482 3674 520 3732 dn
536 3675 636 3747 paleis,
652 3682 681 3730 et
694 3674 749 3731 ool.
766 3674 799 3730 ll
816 3674 842 3730 la
854 3681 921 3731 note
936 3690 984 3731 sur
1040 3684 1101 3733 rent
1116 3677 1179 3748 plus
1193 3675 1279 3747 qu'un
1299 3689 1438 3731 monceau
1470 3690 1486 3732 e
1500 3674 1632 3732 cendres.
1645 3677 1702 3733 lies
1717 3674 1839 3748 eglises,

186 3746 364 3804 l'babitallou
381 3745 432 3803 des
451 3748 553 3821 Papus,
571 3743 587 3802 i
606 3747 707 3815 Rome,
724 3742 850 3819 pendant
863 3743 911 3802 dix
924 3742 982 3803 sit·
1039 3746 1089 3804 dos
1102 3746 1265 3818 basiliqnes,
1279 3744 1351 3802 dens
1362 3745 1387 3802 lc
1402 3746 1527 3873 guertius
1539 3744 1575 3802 de
1588 3747 1693 3802 botran
1701 3744 1840 3817 iusqu'au

186 3818 255 3876 ulos.
1038 3814 1300 3890 Coiysdeturentla
1315 3817 1392 3889 proie
1424 3816 1603 3874 esnanmes.
1618 3816 1840 3886 llobertexerqa

225 3888 267 3959 (ιι)
277 3886 395 3954 Nicolno
409 3887 559 3955 deliteam,
577 3885 654 3957 quod
673 3900 779 3942 nomen
799 3883 940 3957 hodieque
955 3888 985 3942 in
1039 3904 1077 3946 ιιιι
1092 3890 1210 3961 pouvoir
1220 3886 1454 3945 discretionnaira
1464 3897 1493 3945 et
1505 3886 1668 3945 reduisiten
1683 3888 1841 3960 osclauage

189 3973 243 4017 usu
261 3965 315 4026 est,
336 3965 366 4015 ct
389 3964 450 4014 crat
467 3971 532 4014 cum
548 3955 683 4014 scriberet
698 3957 867 4013 Anastasius
879 3956 982 4014 Biblio-
1039 3960 1096 4016 bon
1113 3958 1232 4015 nombre
1244 3957 1280 4015 de
1296 3960 1441 4016 llomains.

189 4029 334 4089 thecnrius
352 4045 359 4086 :
380 4028 417 4086 itu
438 4034 534 4085 nutem
554 4026 661 4084 dictum
680 4027 780 4083 volunt
796 4026 983 4099 Amphithoe·
1075 4029 1116 4089 cl.
1133 4031 1176 4086 Du
1191 4032 1274 4102 Pays,
1287 4029 1448 4097 ilites-aire,
1482 4028 1564 4093 let.
1581 4027 1626 4087 ed.
1640 4030 1721 4096 less,
1737 4030 1837 4086 Paris:

170 4110 264 4158 trum
280 4099 347 4157 illud
361 4100 527 4164 maximnm,
549 4098 625 4170 quod
643 4112 658 4155 e
677 4099 856 4170 Vespasiano
875 4105 904 4155 et
924 4100 986 4155 Tito
1041 4104 1079 4160 Le
1101 4101 1193 4157 lorum
1211 4100 1331 4158 lloumiu
1351 4107 1395 4157 est
1418 4102 1444 4157 le
1461 4044 1521 4157 Pleu
1540 4099 1576 4158 ou
1596 4100 1790 4158 s'assemblait
1812 4100 1841 4157 le

190 4178 349 4235 extructum
376 4185 440 4227 esse
459 4169 538 4242 juxta
558 4170 635 4227 tiam
658 4182 781 4237 sacratu,
800 4184 835 4226 oo
854 4168 919 4238 loci,
938 4170 985 4242 qui
1041 4171 1136 4237 sinat,
1161 4169 1199 4229 ou
1226 4170 1391 4243 s'agilaient
1410 4172 1453 4229 les
1484 4170 1630 4229 destinies
1654 4169 1694 4227 du
1720 4171 1839 4241 monde,

187 4241 247 4315 jusu
262 4254 277 4298 a
292 4241 413 4300 Neronis
426 4248 554 4313 tempore
567 4254 672 4297 nomen
685 4238 808 4297 babebat
819 4238 854 4297 ab
867 4240 985 4297 immuni
1040 4240 1142 4300 diceri
1154 4241 1206 4299 des
1230 4249 1414 4299 instruments
1430 4241 1473 4299 les
1487 4243 1550 4314 plus
1565 4242 1768 4314 magniliques,
1791 4242 1842 4314 qui

193 4313 245 4370 lto
256 4310 359 4385 pedum
375 4312 501 4379 Colosso,
519 4326 603 4384 quern
614 4311 661 4368 ille
674 4310 729 4368 sibi
746 4317 886 4368 erexerat.
1040 4314 1081 4388 s'y
1094 4314 1253 4386 pressaient
1276 4311 1443 4371 nombraux.
1465 4314 1501 4370 Sa
1521 4314 1602 4370 ruine
1623 4313 1710 4370 totale
1724 4312 1791 4370 date
1804 4313 1842 4371 de

228 4384 269 4513 zi)
290 4381 331 4442 Gi.
346 4383 441 4457 Voigt,
462 4390 482 4440 t.
498 4384 526 4453 2,
547 4399 575 4456 p.
591 4383 654 4441 teo.
673 4382 761 4440 lleuri
781 4383 869 4456 qnilta
884 4383 985 4440 Rome.
1041 4384 1146 4444 Robert
1171 4381 1319 4451 Guiscard,
1335 4385 1384 4454 qni
1407 4399 1444 4441 eu
1471 4384 1502 4440 iit
1525 4399 1565 4441 un
1580 4398 1723 4441 monceau
1737 4383 1774 4440 de
1787 4380 1839 4442 de·

190 4456 232 4515 llo
253 4463 296 4514 ert
308 4456 400 4512 arrivs
412 4469 544 4512 auccson
557 4452 665 4511 arunde.
679 4454 734 4512 Les
744 4454 881 4511 Romaion
893 4451 987 4510 iurent
1039 4453 1181 4514 combres.
1197 4452 1375 4512 Abandonne
1397 4453 1523 4526 pendant
1541 4455 1683 4527 plusieurs
1694 4453 1810 4524 siecles,
1821 4455 1843 4512 it

190 4528 275 4585 salsis
285 4525 484 4600 d’tpouunnte,
506 4540 556 4583 cor
572 4526 607 4584 ils
629 4525 744 4583 avaient
756 4522 864 4597 eponae
876 4525 902 4580 le
913 4524 985 4597 parti
1040 4524 1138 4583 donst
1149 4540 1187 4581 nn
1198 4521 1507 4597 depotd’immondices
1518 4533 1545 4582 et
1559 4525 1586 4582 le
1601 4525 1658 4582 lien
1668 4525 1707 4582 du
1721 4525 1841 4583 numne

190 4597 225 4657 de
238 4598 336 4656 llenri.
350 4598 389 4657 lls
402 4612 434 4655 se
448 4594 607 4670 voyaientt
623 4596 649 4654 la
663 4593 816 4653 discretiori
827 4594 893 4652 d'nn
910 4596 987 4652 vuin-
1041 4612 1095 4654 aux
1106 4595 1245 4663 bestiam,
1254 4596 1357 4667 Campo
1367 4597 1496 4653 Vescino.
1507 4596 1632 4661 Rebello,
1642 4597 1843 4653 Curiositmde

190 4683 279 4745 qnour
293 4667 460 4726 courrouce.
474 4671 532 4725 lies
552 4666 655 4726 menes
675 4666 846 4741 eilroyables
863 4680 895 4723 se
918 4681 983 4739 pus·
1039 4669 1132 4735 lione,
1152 4665 1198 4724 ed.
1226 4665 1317 4735 Puris,
1342 4667 1428 4724 lest:
1453 4665 1555 4725 Arrius
1579 4680 1615 4723 eu
1632 4668 1750 4736 Forum,
1766 4682 1842 4724 vous

167 4762 175 4768 ·
191 4736 297 4796 serent.
313 4738 418 4796 Robrrt
431 4736 501 4795 eluit
514 4738 595 4795 entre
608 4737 680 4794 daus
696 4739 858 4795 Romevers
869 4737 894 4794 la
908 4737 984 4794 nult:
1040 4753 1131 4811 noyez
1153 4753 1185 4795 se
1200 4736 1335 4812 deployor
1356 4745 1433 4795 toute
1448 4753 1505 4795 nne
1529 4738 1671 4795 immense
1693 4735 1782 4795 scene
1803 4738 1841 4795 de

188 4809 216 4866 la
244 4807 310 4866 ville
331 4808 440 4865 antisse
462 4807 560 4866 devint
573 4809 600 4866 la
625 4809 703 4879 prole
722 4806 759 4864 du
779 4806 821 4864 ier
834 4814 862 4866 et
876 4807 914 4864 dn
927 4806 984 4864 len.
1039 4807 1185 4866 dtsordre.
1201 4810 1281 4867 Vnus
1294 4807 1412 4866 croirioz
1424 4809 1556 4881 qu’Altilo
1567 4810 1840 4866 etGensericrien·

190 4881 267 4937 liuns
282 4877 397 4933 l'arntio
411 4877 448 4934 du
461 4877 617 4945 Normaud,
633 4892 666 4934 se
680 4879 803 4933 trouuait
817 4892 856 4935 nn
867 4878 986 4935 nombre
1040 4887 1109 4936 netu
1121 4879 1157 4936 de
1187 4894 1266 4937 assor
1282 4893 1352 4936 avec
1374 4880 1450 4937 lours
1473 4879 1578 4936 bordes
1599 4878 1635 4936 de
1654 4879 1746 4938 Gotlts
1759 4887 1789 4937 et
1803 4879 1841 4936 de

190 4946 387 5007 considimblo
400 4947 435 5004 do
446 4949 602 5017 serrarius,
626 4947 695 5004 dont
716 4948 742 5003 la
769 4945 866 5005 iureur
881 4948 985 5006 u'avait
1040 4950 1077 5007 du
1091 4953 1153 5008 Van
1175 4950 1270 5008 ales...
1286 4951 1361 5009 C’cst
1380 4950 1498 5008 l'oeuvre
1513 4951 1548 5007 de
1565 4950 1671 5009 liobert
1682 4950 1840 5009 Guiscerdi

190 5035 242 5094 pos
255 5018 290 5075 do
301 5018 414 5075 bertius.
441 5020 497 5075 lies
518 5017 678 5074 lerntnnset
691 5016 742 5074 des
755 5018 925 5091 religicuses
940 5019 983 5077 iu·
1076 5020 1118 5093 (3)
1133 5022 1187 5081 Ces
1202 5023 1331 5078 soixante
1345 5021 1480 5093 medicos
1492 5020 1529 5078 de
1545 5022 1574 5079 S.
1591 5022 1700 5091 l‘ierre,
1716 5019 1798 5079 rasis
1812 5028 1842 5079 et

190 5098 253 5147 rent
268 5086 412 5173 sacristies
425 5086 439 5144 i
454 5090 530 5144 leurs
542 5088 669 5169 brutales
682 5089 821 5160 prasinus.
835 5091 897 5149 line
912 5097 986 5148 mort
1040 5093 1148 5160 mitris,
1161 5092 1209 5165 qui
1222 5108 1253 5149 se
1267 5091 1360 5149 disent
1372 5092 1528 5149 cardinanx
1545 5099 1573 5148 et
1587 5094 1636 5178 qui
1646 5108 1680 5149 se
1692 5093 1799 5151 liurent
1824 5091 1841 5149 t

189 5169 319 5234 prompte
340 5168 409 5217 stau
431 5158 570 5232 segardus
589 5173 702 5216 oomme
726 5175 764 5217 nn
787 5159 914 5219 bieniail.
942 5163 985 5220 On
1040 5170 1104 5220 tous
1116 5165 1158 5221 les
1171 5160 1322 5221 desordres
1339 5171 1366 5220 et
1387 5178 1422 5220 au
1434 5164 1534 5234 crime,
1547 5162 1739 5222 strssnuientt
1755 5178 1840 5221 mon·

189 5234 230 5290 vit
248 5246 298 5289 ces
317 5231 453 5288 barisanus
473 5244 579 5304 couper
595 5231 635 5287 les
650 5229 746 5304 doigts
760 5229 775 5289 t
791 5231 827 5289 dc
838 5232 943 5305 jeunes
956 5240 986 5289 et
1040 5234 1142 5292 trerde
1157 5235 1249 5307 quelle
1260 5231 1378 5307 eitergie
1395 5232 1445 5290 dut
1464 5232 1534 5291 seire
1554 5248 1662 5305 pranne
1679 5236 1707 5294 le
1727 5233 1841 5292 Pontiie

189 5302 393 5361 tntdrossautes
406 5302 468 5359 sier
490 5315 521 5357 os
534 5316 604 5372 pour
618 5300 773 5373 s'empurcr
808 5303 851 5359 lus
866 5318 983 5375 promp·
1039 5304 1227 5362 risormsteur
1246 5321 1317 5378 pour
1328 5304 1451 5377 extirpet
1466 5313 1530 5362 tous
1541 5305 1584 5361 les
1598 5305 1680 5362 abus.
1693 5305 1841 5364 Plusieurs

188 5382 298 5430 rement
321 5373 357 5429 do
378 5373 454 5454 lours
466 5315 588 5455 {eguus
610 5373 732 5454 llieuldt,
744 5373 770 5429 lo
783 5317 829 5430 ipen
842 5389 874 5457 ‚⁸⁰
889 5374 983 5431 maui-
1040 5373 1193 5433 historiens
1211 5385 1261 5434 ont
1277 5383 1332 5434 tort
1350 5375 1386 5432 de
1399 5374 1530 5452 uigliger
1544 5391 1579 5434 co
1593 5376 1643 5434 luit
1658 5391 1774 5435 comme
1785 5374 1838 5434 ds·

189 5442 259 5510 teste
273 5460 321 5509 sur
336 5451 406 5500 trous
427 5451 520 5519 points
543 5458 708 5524 principuus
729 5444 772 5501 do.
785 5445 810 5502 la
824 5443 890 5515 citi,
907 5452 934 5502 ut
947 5459 983 5501 en
1039 5447 1373 5528 pourtud’imporlancc.

868 5638 1147 5662 .-..-.,....-...,
