3980 6198
638 286 795 371 eumne
824 284 1087 349 counradum.
1111 283 1188 349 mn
1206 285 1262 348 m.

389 498 603 591 TITULUS
626 503 666 589 ll

263 655 309 703 nn
330 657 484 705 enna1c1s
511 659 727 708 ceunuenms.
751 645 798 725 (1)

126 762 354 840 Enitendum
368 771 499 844 rupinae
520 772 709 846 Aetolorum
723 730 860 833 utrecht.
878 767 927 849 (a)

436 919 574 981 CAPUT
595 922 619 980 1.

165 1046 215 1111 Ex
226 1051 325 1127 parte
334 1050 389 1112 tua
403 1049 466 1112 fuit
476 1053 683 1129 propesitum
694 1070 806 1115 coram
818 1052 931 1126 nobis,

127 1144 212 1223 quod
228 1146 387 1207 nonnulli
401 1147 539 1209 litterati
554 1150 653 1211 terrae
668 1150 735 1211 tuae
756 1150 873 1213 habitu
894 1154 927 1212 et

125 1246 265 1306 tonsura
298 1243 446 1304 clericali
474 1244 613 1317 relictis,
644 1245 776 1324 publice
802 1247 927 1309 ducunt

127 1352 264 1412 uxeres,
280 1340 326 1401 de
348 1340 402 1400 bis
416 1340 474 1418 qui
494 1343 570 1403 sunt
584 1341 775 1421 buJusmedi
791 1345 926 1406 solliciti

126 1437 295 1515 quemodo
310 1437 469 1498 uxoribus
484 1438 639 1515 placeant
660 1439 854 1515 existentes,
869 1442 926 1519 qui

127 1534 205 1596 licet
213 1534 511 1610 negotiationibus,
524 1539 557 1598 et
568 1537 646 1598 aliis
659 1538 865 1600 secularibus
879 1541 928 1600 in·

127 1632 247 1693 sistant
261 1630 421 1708 negotiis,
436 1634 471 1695 ut
485 1635 597 1695 tamen
609 1635 777 1697 consuetis
786 1636 927 1714 justitiis

128 1728 472 1807 etdebitisebsequiis
483 1733 516 1793 te
532 1731 740 1805 defraudent,
754 1736 926 1796 tonsuram

127 1830 306 1890 resumunt
321 1827 494 1904 abjectam,
512 1845 575 1906 qua
589 1829 694 1907 ipsius
709 1833 872 1909 praetextu
885 1833 925 1894 ab

128 1922 366 2000 hujusmodiut
380 1926 494 1988 clerici
510 1930 722 2001 excusentur,
737 1946 925 2007 quanquam

128 2036 192 2082 non
209 2022 360 2083 militent
373 2024 523 2096 Domine,
540 2025 598 2085 sed
613 2026 724 2102 petius
739 2027 873 2100 munde,
890 2028 926 2088 ut

128 2118 230 2179 ceteri
243 2120 391 2181 uxorati.
410 2121 549 2194 Quidam
558 2122 660 2183 etiam
674 2125 809 2201 accepta
819 2125 926 2201 prima

129 2216 273 2278 tonsura
300 2216 455 2279 similiter
482 2219 701 2292 contrahunt,
718 2223 752 2281 et
776 2222 925 2283 eamdem

128 2313 303 2374 tonsuram
317 2314 479 2388 deterunt,
493 2317 530 2378 ut
543 2316 659 2377 eodem
680 2319 845 2394 praetextu
863 2334 927 2379 ex-

128 2411 240 2472 cusari
270 2412 450 2473 ualeanta
478 2413 658 2489 praedictis
685 2417 719 2475 et
741 2430 817 2476 ven.
843 2415 866 2476 s.
893 2431 925 2476 n.

128 2506 321 2584 episcopus,
337 2510 370 2570 et
384 2508 497 2570 dilecti
509 2509 571 2570 dlii
585 2509 743 2583 decanus,
756 2511 882 2572 archid.
895 2513 928 2575 et

129 2604 315 2680 capitulum
330 2607 566 2668 Goenemanen.
582 2607 672 2684 ipses
686 2608 843 2685 tanquam
858 2610 928 2670 cle-

128 2701 215 2762 ricos
230 2701 269 2760 in
283 2701 558 2765 substractionem
573 2705 785 2766 servitiorum
795 2706 925 2767 tuorum

130 2798 243 2860 terere
275 2798 428 2860 nituntur
455 2800 491 2860 in
519 2801 612 2862 tuum
635 2802 864 2879 preeJudicium
892 2806 926 2865 et

129 2911 323 2971 gravamen.
341 2897 446 2967 Quum
465 2896 569 2972 igitur
584 2898 753 2960 reddenda
772 2901 924 2977 sintquae

132 2995 207 3054 sunt
221 2992 366 3055 Caesaris
381 2994 515 3066 Caesari,
531 2995 565 3057 et
587 3012 661 3073 quae
676 2996 754 3058 sunt
768 2998 827 3057 Dei
843 3000 921 3070 Dee,

166 3112 207 3186 (ll
222 3114 261 3172 Ge
275 3114 341 3172 titre
359 3122 403 3174 est
423 3116 449 3173 le
461 3116 492 3173 2⁶
505 3114 578 3174 dans
594 3118 619 3174 la
636 3117 803 3189 compilatio
814 3119 922 3191 primu,

133 3183 160 3240 le
174 3185 204 3241 3ο
218 3184 293 3241 dans
307 3185 349 3243 les
363 3186 471 3243 nteit.
485 3187 692 3259 eriperemus.

167 3253 206 3328 (a)
219 3256 254 3313 B.
276 3256 417 3326 quendum
435 3257 538 3328 ruffina
553 3258 722 3329 decimum.
743 3260 925 3344 berengaria

134 3325 222 3382 vidue
237 3325 373 3384 Richardi
390 3327 468 3400 regis
482 3328 657 3401 duglerum,
668 3344 734 3386 nen
751 3332 879 3399 loannis,
894 3338 925 3388 ut

134 3396 190 3452 rult
211 3396 349 3464 Bzerins,
373 3396 408 3452 de
429 3413 483 3469 qua
511 3399 598 3456 multa
617 3415 713 3472 supra,
730 3400 778 3458 llh.
797 3403 819 3460 l.
842 3402 924 3459 Ratio

135 3479 199 3522 vcro
210 3482 259 3523 cur
272 3466 330 3524 hec
339 3474 424 3539 ceput
439 3468 574 3525 rescribat
589 3471 732 3526 Honorius
744 3472 925 3545 berengariae

135 3534 193 3593 hac
206 3546 259 3605 est,
275 3539 353 3610 quia,
371 3546 401 3595 ut
416 3546 513 3595 auctor
528 3547 573 3595 est
589 3539 691 3598 lieder.
707 3542 868 3609 toletanus,
885 3543 926 3598 lie

137 3607 195 3664 liei.
216 3609 351 3679 Hispala,
376 3608 424 3665 lib.
452 3611 487 3677 ll,
507 3624 570 3682 cap.
598 3610 642 3679 rt,
665 3612 694 3667 in
716 3612 924 3669 cenomanensi

136 3677 243 3734 civitate
258 3678 309 3753 (de
324 3693 379 3751 qua
394 3679 424 3735 in
433 3676 489 3736 hoc
501 3679 580 3753 cap.)
593 3695 678 3752 quam
692 3681 814 3739 habehat
828 3697 864 3739 ex
877 3681 925 3739 de·

1717 290 1776 348 ate

983 451 1016 510 et
1046 448 1175 525 publice
1205 449 1337 510 uxorati
1365 447 1429 511 viri
1458 448 1679 509 ecclesiastici
1709 465 1775 509 uon

983 544 1140 618 existant,
1169 546 1245 607 dum
1266 562 1302 607 se
1325 547 1374 607 sic
1397 546 1605 607 secularibus
1631 546 1774 620 negotiis

981 643 1165 720 implicant,
1195 644 1427 720 aequanimiter
1447 644 1596 705 discimus
1622 645 1773 706 toleran-

981 741 1057 800 dum
1073 742 1102 801 si
1109 740 1260 818 justitias
1275 741 1404 803 debitas
1420 744 1452 803 et
1467 743 1603 803 servitia
1614 742 1773 803 consueta

980 839 1072 899 uelut
1093 836 1134 898 ab
1158 837 1235 899 aliis
1259 839 1409 899 uxoratis
1440 840 1555 915 exigas
1574 841 1607 902 et
1631 840 1774 915 recipias

981 936 1022 996 ab
1035 935 1173 1004 eisdem,
1187 952 1287 1012 quum
1302 936 1439 997 tonsura
1452 953 1551 1013 quam
1564 954 1630 998 nen
1641 938 1774 999 obtentu

980 1032 1164 1109 religionis,
1181 1033 1289 1094 sedin
1311 1033 1450 1094 frauden
1470 1033 1685 1095 subtrahendi
1702 1051 1775 1096 ser-

982 1131 1062 1191 vitia
1086 1129 1319 1207 resumpsisse,
1341 1130 1395 1191 vel
1418 1131 1588 1207 accepisse
1607 1132 1773 1201 videntur,

981 1228 1016 1288 in
1031 1227 1087 1287 his
1100 1243 1166 1288 nen
1181 1226 1299 1289 debeat
1311 1228 1531 1304 patrocinium
1546 1228 1720 1306 impertiri.

1218 1376 1385 1448 Episcopo
1405 1375 1534 1434 ilderin.

1277 1529 1413 1589 CAPUT
1434 1530 1474 1589 ll.

1019 1622 1068 1684 Ad
1082 1639 1180 1685 aures
1195 1626 1328 1688 nostras
1342 1628 1375 1689 te
1388 1625 1596 1702 significante
1612 1622 1771 1701 pervenit,

981 1720 1066 1797 quod
1088 1722 1222 1799 quidam
1241 1723 1355 1784 clerici
1374 1725 1440 1785 tuae
1456 1722 1609 1784 dioecesis
1624 1721 1681 1797 qui
1702 1736 1775 1779 ma-

979 1817 1135 1880 trimonia
1148 1819 1589 1882 solemnitercontraxerunt
1601 1816 1775 1878 ecclesias·

979 1915 1046 1976 tica
1060 1916 1206 1977 retinere
1220 1917 1381 1978 beneficia
1397 1933 1469 1995 quae
1482 1917 1575 1994 prius
1589 1914 1775 1976 habuerant

979 2028 1047 2073 non
1070 2016 1237 2082 verentur,
1257 2030 1359 2091 praue
1382 2017 1481 2078 terrae
1503 2011 1773 2075 consuetudinem

980 2110 1243 2186 praetendentes;
1282 2111 1422 2188 ideoque
1463 2109 1677 2188 praesentium
1714 2107 1774 2170 tibi

980 2207 1178 2268 auctoritaie
1213 2208 1427 2277 mandamus,
1460 2208 1633 2285 quatenus,
1660 2208 1774 2267 contra

982 2303 1088 2364 dictes
1108 2304 1259 2378 clericos,
1281 2305 1311 2365 si
1330 2304 1365 2365 in
1381 2304 1486 2367 saeris
1508 2304 1680 2366 ordinibus
1695 2319 1776 2364 cen-

981 2409 1090 2470 stituti
1116 2412 1313 2486 receperunt
1341 2426 1483 2483 uxores,
1514 2411 1579 2471 nisi
1608 2426 1667 2472 eas
1701 2409 1775 2487 pest

981 2508 1071 2568 tuam
1092 2509 1381 2569 commonitionem
1396 2508 1593 2580 dimiserint,
1606 2508 1702 2585 juxta
1718 2523 1776 2568 ea-

981 2603 1100 2665 nonica
1122 2604 1274 2667 instituta
1293 2606 1473 2682 procedas:
1493 2606 1621 2667 sivero
1649 2620 1773 2666 uxeres

980 2700 1014 2761 in
1030 2701 1213 2763 mineribus
1237 2703 1409 2765 constituti
1434 2703 1607 2765 ordinibus
1635 2718 1774 2779 accepe-

979 2800 1066 2871 runt,
1083 2816 1183 2876 quum
1200 2814 1257 2861 eos
1274 2801 1421 2876 cogitare
1441 2802 1592 2878 oporteat
1610 2799 1772 2878 quomedo

978 2896 1047 2957 illis
1071 2897 1203 2973 placere
1216 2898 1352 2960 valeant
1371 2900 1405 2960 et
1426 2899 1569 2971 seruire,
1590 2898 1682 2975 ipsos
1706 2913 1773 2957 nen

978 2988 1115 3055 differas
1128 2993 1318 3073 hujusmodi
1332 2995 1506 3058 beneflciis
1517 2993 1685 3073 spoliare(
1706 2991 1731 3074 ).

978 3123 1021 3174 est
1033 3116 1289 3243 gtiamdiudurnvit
1298 3116 1428 3186 hiemes,
1437 3125 1577 3175 utemnes
1590 3117 1687 3174 cleriei
1699 3133 1714 3174 a
1726 3119 1773 3175 lai-

977 3187 1020 3244 cis
1054 3188 1285 3261 istinguerentur‚
1301 3195 1331 3243 et
1344 3188 1471 3244 uestibus
1481 3188 1600 3259 propriis
1615 3196 1772 3257 uterentur,

978 3272 1049 3329 quas
1062 3259 1345 3328 superindumentum
1354 3265 1438 3314 vecat
1449 3272 1513 3330 cap.
1525 3258 1631 3324 clerici,
1642 3265 1726 3327 extr,
1741 3261 1774 3315 dc

978 3328 1047 3396 ode,
1062 3333 1087 3383 et
1106 3328 1445 3385 mencenenterius
1461 3328 1488 3383 in
1503 3328 1653 3385 cellatione
1665 3328 1774 3387 ordinis

977 3397 1117 3456 clericalis
1133 3397 1350 3454 assumebantur
1365 3397 1563 3470 abepiscopo,
1579 3405 1610 3455 ut
1624 3414 1659 3455 ex
1674 3400 1771 3456 Balsa·

979 3482 1064 3594 mer'le
1083 3466 1120 3524 ad
1133 3482 1197 3524 can.
1218 3467 1261 3536 ll,
1282 3467 1383 3541 synodi
1401 3469 1425 3538 7,
1451 3470 1585 3526 annotavi
1607 3470 1643 3528 nd
1664 3469 1771 3528 dictum

979 3539 1032 3595 titu
1045 3581 1053 3594 .

1015 3608 1054 3681 (h)
1071 3610 1131 3665 lloe
1147 3622 1211 3681 cap.
1226 3608 1300 3666 sicut
1312 3617 1340 3666 et
1354 3609 1512 3682 sequentib.
1533 3611 1700 3683 reprobatur
1714 3628 1773 3670 em·
1806 3622 1811 3631 '

978 3680 1046 3736 nine
1059 3678 1107 3753 jus
1122 3686 1205 3736 vetus
1219 3694 1276 3752 qne
1294 3681 1389 3738 elerici
1410 3681 1535 3737 minores
1554 3690 1684 3755 peterent
1703 3686 1770 3741 reti-

136 3754 372 3822 uattonepropter
386 3750 499 3821 nuptias
515 3748 691 3833 frequentius
707 3753 883 3822 morabatur,
896 3761 924 3811 et
979 3765 1047 3807 nere
1069 3750 1218 3820 beneficia,
1243 3752 1297 3808 etsi
1321 3751 1468 3809 duxissent
1484 3767 1597 3822 uxeres,
1617 3753 1772 3813 dummodo

137 3816 269 3877 ineadetn
283 3821 351 3877 vita
364 3835 480 3877 cursum
495 3818 569 3879 teliu
581 3822 656 3879 exitu
668 3824 886 3882 consummarit.
978 3820 1116 3878 beneficia
1144 3822 1284 3894 simplicia
1308 3828 1419 3891 essem,
1447 3831 1565 3896 excepte
1594 3825 1773 3883 ministeriali

169 3891 199 3945 ln
213 3888 266 3947 hec
281 3906 346 3963 cap.
360 3898 389 3947 et
401 3892 529 3964 alieeap.
545 3907 580 3949 ec
587 3898 679 3964 perte,
691 3892 773 3963 inira,
785 3895 825 3951 lic
836 3895 925 3967 priei·
978 3891 1071 3949 elilcie
1087 3891 1122 3948 de
1137 3907 1193 3964 que
1214 3895 1397 3951 innocentius
1413 3895 1452 3952 lll
1466 3894 1494 3950 in
1509 3895 1592 3966 epist.
1615 3896 1652 3951 ud
1673 3897 1772 3966 episee

139 3956 196 4028 tce,
212 3962 308 4033 agitur
322 3961 358 4018 dc
372 3960 540 4033 quibusdam
555 3963 684 4021 litteratis
696 3965 743 4036 qui
759 3980 792 4022 se
806 3966 923 4022 clericus
974 3978 1044 4046 pum
1059 3963 1311 4033 Pcdciurnenscm,
1326 3964 1374 4022 lib.
1389 3967 1426 4032 ΙΙ,
1443 3965 1603 4022 Alexander
1621 3967 1672 4034 ΙΙΙ,
1684 3975 1714 4023 ut
1728 3972 1772 4023 est

139 4030 345 4101 profitebantur,
361 4031 452 4089 ductis
485 4033 577 4091 uhlice
588 4035 732 4104 uxoribus,
752 4043 782 4093 ut
797 4051 813 4093 a
826 4036 920 4094 crimi-
978 4050 1006 4091 m
1022 4048 1085 4107 cap.
1100 4033 1116 4090 2
1130 4042 1159 4091 et
1178 4034 1205 4101 3,
1224 4035 1362 4104 inprime
1378 4036 1526 4105 Cempilut.
1542 4035 1596 4092 hec
1615 4038 1770 4106 constituit,

140 4098 215 4179 nibus
232 4103 338 4173 quibus
354 4048 562 4175 impetebantur
576 4113 607 4162 ut
626 4106 701 4174 laici,
719 4122 751 4163 se
767 4113 921 4164 tuerentur.
977 4113 1005 4162 ct
1020 4112 1082 4177 pest
1093 4119 1159 4161 cum
1171 4105 1325 4186 Gregorius
1341 4108 1407 4164 Vlll
1424 4113 1453 4161 et
1463 4107 1594 4164 Clemens
1607 4108 1646 4163 ΙΙΙ
1662 4108 1691 4163 in
1706 4122 1769 4180 cap.

140 4169 331 4231 litteratorum
339 4188 395 4230 vox
409 4175 437 4229 in
447 4173 552 4231 bonam
564 4181 592 4232 et
603 4177 707 4233 malurn
722 4184 831 4250 partein
846 4192 923 4251 sape
978 4175 1085 4248 penult.
1099 4182 1128 4231 et
1141 4174 1192 4231 ult.
1215 4175 1282 4232 thid.
1301 4174 1498 4244 Quod·tamen
1518 4178 1697 4234 stomachum
1713 4194 1770 4234 tue

141 4244 295 4312 assumitur,
308 4258 375 4300 uam
387 4245 491 4316 peritos
500 4244 684 4315 demonstrat,
694 4262 766 4329 ques
781 4248 817 4304 eb
827 4249 921 4305 scien·
978 4246 1017 4302 vit
1028 4245 1227 4318 interpretibus
1240 4246 1363 4318 antiquis
1377 4245 1414 4303 ad
1425 4246 1532 4304 dictum
1546 4263 1609 4319 cap.
1618 4250 1644 4316 l,
1654 4249 1682 4305 in
1697 4248 1771 4305 dicta

141 4309 460 4372 iinmetclnrasvirtutes
470 4314 574 4399 dignes
585 4317 924 4442 amBlienbusbenellelis
974 4317 1071 4387 prime
1085 4315 1244 4385 compilet,
1255 4331 1341 4397 quum
1356 4316 1386 4371 in
1398 4331 1433 4373 ee
1445 4316 1521 4373 idem
1536 4318 1697 4375 Alexander
1714 4320 1769 4390 pri·

141 4385 613 4458 censetlnnecentiuslll,1ncup.
652 4390 779 4455 emerite,
793 4390 834 4444 lic
844 4391 921 4445 Pru·
978 4385 1089 4443 vendes
1117 4399 1181 4442 esse
1208 4385 1353 4442 benefieiis
1373 4387 1536 4456 contendat,
1561 4387 1639 4444 unde
1663 4388 1770 4445 Alanus

142 4448 222 4523 ind,
231 4464 258 4512 et
268 4458 423 4528 imperator
434 4458 637 4514 lastinianusa
653 4458 765 4515 rusticis
775 4458 924 4532 distinguit
978 4455 1126 4529 distinguit
1133 4471 1180 4530 Jus
1188 4464 1270 4512 vetus
1281 4471 1295 4512 a
1308 4470 1392 4523 neve,
1403 4471 1490 4528 quam
1499 4461 1670 4514 senteutiam
1682 4459 1772 4529 repicit

142 4519 168 4577 in
181 4523 197 4580 l.
212 4528 314 4589 ultim..
337 4542 363 4584 c.
379 4527 413 4582 de
425 4531 534 4585 tentent.
553 4530 612 4585 llos
626 4526 757 4585 dectores
768 4528 840 4601 juris
862 4531 922 4586 vul·
978 4526 1150 4595 taucredus,
1167 4541 1203 4582 ee
1224 4526 1299 4598 qued
1328 4525 1403 4582 idem
1424 4527 1641 4609 hlexn‘nderjus
1655 4536 1769 4585 centra·

143 4605 191 4661 gun
209 4596 349 4672 intelligit,
371 4604 402 4654 ut
419 4597 537 4672 llispuni
557 4597 725 4668 advocatos,
741 4600 864 4657 tetradus
878 4616 926 4657 ve·
978 4600 1051 4655 rium
1065 4604 1170 4655 statuat
1186 4598 1216 4653 in
1230 4604 1361 4679 sequent.
1378 4605 1465 4669 capu.
1487 4599 1546 4655 tet
1561 4600 1587 4657 3.
1603 4601 1635 4656 ln
1652 4601 1676 4668 l,
1693 4600 1771 4656 eleri-

144 4673 211 4723 eant.
224 4668 312 4726 tidem
327 4675 393 4726 sunt
404 4670 450 4740 qui
463 4669 622 4727 conclusiin·
635 4669 709 4743 apud
726 4671 826 4743 Synes.
840 4672 922 4743 epist.
978 4683 1028 4725 ces
1056 4668 1134 4724 omni
1160 4668 1300 4724 benetlcie
1325 4683 1387 4724 slve
1414 4668 1546 4741 simplici,
1576 4671 1638 4727 sive
1665 4672 1772 4729 aninm-

145 4732 203 4804 ltii,
223 4741 333 4811 judiees
359 4754 472 4811 queque
497 4740 641 4797 constituti
668 4755 718 4813 per
742 4741 827 4798 urbes
850 4741 924 4815 apud
979 4753 1041 4796 rum
1058 4753 1156 4795 curem
1172 4738 1304 4807 habente,
1319 4738 1482 4813 spoliandos
1495 4756 1562 4798 esse
1574 4742 1721 4799 contendit
1735 4758 1772 4799 es

144 4803 271 4877 Sigebert.
293 4811 322 4867 in
343 4811 480 4868 Chronico
492 4827 502 4866 .·
521 4812 632 4868 Franco
652 4812 834 4870 scholasticus
854 4816 922 4871 Leo·
979 4825 1044 4883 cap.
1067 4810 1196 4879 uieemis,
1214 4809 1338 4867 interita
1352 4812 1514 4881 compilat,
1532 4813 1585 4871 hoe
1598 4814 1638 4871 tit.
1655 4822 1684 4871 et
1695 4814 1771 4872 dicte

144 4873 280 4950 delicium,
299 4885 325 4938 ct
338 4882 457 4938 scientie
476 4882 648 4949 litterarum,
664 4887 689 4938 ct
703 4898 814 4939 ruerunt
826 4886 922 4954 prehi-
978 4898 1042 4954 cap.
1056 4880 1216 4939 tstandum
1229 4888 1338 4949 censet,
1353 4889 1382 4938 et
1396 4881 1471 4954 qued
1486 4883 1650 4959 indulgetur
1661 4886 1689 4942 in
1700 4902 1769 4942 cen-

146 4947 194 5002 tuic
206 4951 299 5009 cieret.
308 4951 469 5024 Aliquando
485 4951 561 5025 apud
577 4954 659 5020 Plio,
672 4956 801 5022 Sueten,
813 4963 841 5013 et
854 4956 925 5013 alies
979 4953 1072 5010 trariis
1084 4952 1223 5025 capitibus
1235 4968 1300 5010 csse
1317 4967 1352 5009 ex
1365 4954 1559 5012 misericordia
1580 4963 1609 5014 et
1620 4956 1770 5029 dispensa·

147 5028 282 5079 sumuntur
326 5039 357 5079 re
377 5024 412 5080 ils
429 5022 475 5096 qui
492 5023 520 5079 iu
540 5024 656 5096 pulvere
677 5024 812 5081 litterario
835 5027 924 5084 vitam
979 5026 1073 5094 tioue3
1090 5025 1127 5080 ita
1148 5024 1313 5106 episcopum
1333 5039 1420 5097 pesse
1433 5025 1600 5099 dispensare
1619 5043 1684 5085 cuin
1700 5043 1768 5084 cen·

147 5098 263 5166 egentes,
284 5038 324 5151 ag
336 5093 428 5151 lerunt
446 5109 502 5151 nen
525 5093 708 5162 accedebant,
725 5111 817 5168 neque
838 5097 924 5155 ullam
976 5095 1087 5169 jugale,
1101 5101 1132 5151 ut
1145 5111 1170 5151 et
1182 5094 1517 5168 beneficiuineencedat3
1529 5106 1556 5154 el
1569 5106 1771 5171 argumentum

148 5153 300 5229 dignitatem
324 5165 479 5232 ambibunt,
508 5172 540 5221 ut
567 5167 714 5222 annotavit
744 5166 925 5225 doctissimus
979 5167 1065 5223 sunsit
1080 5180 1114 5221 ex
1130 5164 1224 5222 verbis
1239 5165 1307 5225 dieti
1318 5168 1420 5240 capt,
1429 5171 1484 5225 Sub
1497 5170 1722 5225 dissimulatione
1732 5170 1773 5224 di·

127 5226 316 5292 'Casauhenus
340 5235 375 5292 ad
399 5235 546 5308 Capitolia.
576 5236 605 5291 iu
633 5237 751 5294 Meuius.
782 5239 834 5294 llic
858 5254 925 5296 vere
979 5238 1089 5295 mittere
1107 5238 1234 5306 peteris:
1256 5252 1340 5308 quem
1361 5246 1456 5294 tanton
1476 5238 1618 5296 concludit
1634 5239 1699 5294 hinc
1714 5254 1771 5295 tren

149 5301 273 5377 ‹tuesdum
290 5306 418 5380 intellige
437 5307 550 5376 sciolos,
575 5322 626 5364 seu
641 5307 779 5380 legulcies
794 5311 841 5380 qui
862 5325 922 5367 me·
980 5324 1063 5381 pesse
1075 5306 1102 5364 id
1115 5306 1218 5374 iecere,
1231 5307 1517 5390 nisiexjustacausu,
1532 5317 1559 5365 et
1570 5317 1771 5381 argumentum

149 5368 240 5446 diceris
252 5374 326 5434 lumo
341 5378 505 5434 litteraturae
516 5378 604 5434 inllati
616 5378 679 5434 lites
693 5386 800 5446 serunt,
812 5389 922 5438 nostra·
979 5379 1103 5437 desumit
1117 5394 1152 5434 cx
1165 5394 1228 5451 cap.
1242 5380 1371 5447 diuersis,
1386 5380 1461 5462 qued
1476 5379 1504 5435 id
1518 5378 1691 5435 nullomodo
1704 5395 1769 5460 pre·

151 5437 223 5511 tibus,
244 5446 425 5521 lettre-[erite.
445 5448 480 5504 lli
494 5448 672 5506 clericalibus
687 5449 847 5508 lusionibus
862 5460 922 5509 ute·
981 5452 1036 5508 bet.
1054 5448 1108 5507 Sed
1124 5450 1252 5506 neutrius
1271 5450 1398 5522 epinietu
1418 5458 1461 5506 est
1475 5448 1617 5514 standum,
1634 5450 1772 5522 imprimis

149 5505 248 5592 liuntur,
264 5533 364 5601 nernpc
380 5527 493 5577 tonsura
508 5525 536 5575 et
555 5520 693 5588 uestibus,
706 5494 805 5578 uthoc
819 5523 922 5593 colere,
980 5523 1044 5595 quia
1063 5520 1169 5602 dictum
1185 5536 1248 5601 cap.
1270 5522 1282 5576 l
1301 5522 1422 5592 letptitur
1436 5520 1471 5575 dc
1484 5519 1683 5602 ,subdiaconis
1700 5537 1772 5604 ques

151 5578 257 5644 clericali
271 5590 419 5664 priuilegio
435 5606 466 5648 se
488 5597 641 5649 tue-emur.
664 5591 773 5650 Exinde
790 5594 925 5667 colligere
977 5593 1063 5666 jaina
1080 5598 1261 5648 metrunetne
1271 5592 1403 5648 exclusos
1414 5605 1530 5647 ornnule
1541 5589 1628 5647 luisse
1644 5599 1770 5675 ternpore
