3952 6188
202 322 263 385 763
664 313 841 383 HONORII
862 312 908 376 ΙΙΙ
929 310 1077 383 OPERA.
1094 343 1133 358 -
1148 310 1380 377 SERMONES.
1788 313 1854 377 tte

203 479 332 545 nedixit
341 475 513 562 discipulis
521 476 601 550 suis,
613 475 806 538 etascendit
815 473 851 536 in
863 473 994 547 coelnm,
1050 471 1223 547 charitate,
1251 472 1288 534 in
1311 487 1388 551 qua,
1410 470 1546 551 peracte
1568 467 1711 551 judicie,
1739 487 1851 551 appa-

202 576 391 642 ridentibus
410 576 491 638 illis.
508 577 555 636 De
574 574 685 636 monte
703 573 866 634 elisarum
884 570 997 633 Domi·
1050 569 1129 632 rebe
1154 570 1189 631 in
1216 586 1318 645 regne
1346 586 1431 631 meo.
1447 571 1542 632 Unde
1566 570 1766 632 ioannesin
1789 586 1852 632 oa-

191 690 266 739 ·nus
290 674 461 737 benedixit
484 672 667 749 discipulis
691 670 923 749 quiapropter
943 668 996 729 ni·
1050 667 1170 729 nenica
1187 665 1354 744 Epistola:
1369 671 1455 730 Cum
1478 669 1696 742 appensorii,
1715 670 1852 729 similes

203 774 304 837 miam
331 770 527 833 charitatem
554 784 648 830 suam
676 784 740 846 qna
767 766 885 828 dilexit
913 781 993 837 nes,
1050 768 1083 827 et
1103 769 1245 837 crimus,
1270 766 1351 839 eote
1370 767 1561 826 videbimur
1580 780 1659 826 eum
1677 767 1786 826 mmai
1800 765 1853 826 est

201 869 372 933 benedixit
386 866 491 939 nobis,
511 868 543 927 et
562 865 712 927 ascendit
732 865 768 925 in
783 864 902 925 coelum
917 864 995 941 quia
1050 860 1080 940 (Ι
1101 864 1198 923 dean.
1216 874 1266 931 111,
1288 861 1334 942 2).
1356 862 1454 924 blodo
1480 861 1675 937 adimplevit
1703 862 1852 938 premis·

192 967 281 1030 ·secit
297 965 391 1027 nebis
409 979 499 1042 spem
516 961 717 1024 ascendendi
732 960 905 1038 cumipse.
922 962 995 1037 Ipse
1050 974 1132 1031 sum,
1159 960 1236 1036 quia
1262 960 1336 1036 post
1360 959 1431 1021 dies
1457 974 1518 1020 sex
1543 959 1726 1034 assumpsit
1750 960 1850 1021 iesus

202 1059 812 1132 enimasceudit‚sicnesascendimus,
822 1058 899 1135 quia
910 1057 996 1118 sicut
1050 1057 1195 1127 Petrum,
1210 1055 1381 1128 iacobum,
1398 1057 1431 1118 et
1444 1058 1606 1118 loannem
1622 1055 1762 1116 tratrem
1774 1058 1850 1133 eJ'us

202 1162 282 1224 dicit
300 1158 499 1237 Apostolus:
520 1160 678 1219 Membra
700 1170 822 1218 suiuus
839 1157 995 1229 eorporis
1049 1152 1083 1213 et
1098 1152 1189 1215 ducit
1202 1154 1279 1214 illes
1294 1154 1328 1213 in
1345 1155 1488 1215 mentem
1505 1152 1674 1214 excelsum
1694 1168 1849 1213 seersum

202 1262 277 1331 ejus
300 1257 335 1319 et
359 1259 400 1317 de
425 1270 531 1316 cerate
555 1257 632 1327 ejus
652 1255 685 1315 et
710 1256 752 1315 de
774 1253 905 1315 ossibus
921 1253 996 1324 ejus
1048 1240 1420 1326 ettranstiguratusest
1433 1250 1511 1310 ante
1525 1264 1593 1310 ees.
1615 1251 1685 1310 Sex
1704 1264 1849 1326 namque

202 1354 299 1434 (Eph.
315 1369 347 1425 v,
363 1350 428 1431 30).
446 1354 485 1412 lit
497 1351 571 1412 ideo
587 1350 801 1412 benedictum
814 1350 884 1410 est:
906 1347 995 1408 ducit
1049 1346 1120 1408 dies
1137 1348 1224 1419 sunt,
1240 1347 1275 1408 in
1297 1346 1415 1423 quibus
1430 1336 1558 1423 opertet
1577 1344 1749 1407 bominem
1766 1361 1848 1423 epe-

200 1451 277 1513 illos
302 1451 337 1511 in
364 1450 508 1510 mentem
540 1448 720 1519 excelsum,
744 1447 821 1524 quia
847 1443 996 1522 perducit
1048 1444 1130 1513 rari,
1148 1444 1209 1521 apri
1228 1444 1262 1504 in
1278 1459 1338 1505 sex
1351 1442 1468 1504 diebus
1488 1443 1666 1520 compleuit
1685 1444 1846 1504 Dominus

200 1548 278 1610 illes
297 1547 338 1608 ad
360 1562 498 1622 regnum
513 1545 683 1616 coelerum,
700 1546 733 1606 et
751 1543 814 1604 hee
832 1556 992 1613 seorsum,
1043 1541 1167 1602 coelum
1181 1540 1214 1602 et
1227 1542 1362 1611 terram,
1383 1540 1417 1601 et
1432 1540 1544 1602 omnia
1558 1555 1633 1616 qnae
1653 1540 1691 1599 in
1704 1539 1757 1600 eis
1770 1555 1848 1601 cen·

198 1644 287 1706 idest
317 1643 427 1705 divisi.
460 1643 542 1713 Quia
581 1642 667 1703 sicut
700 1641 813 1717 pastor
842 1639 996 1715 segregat
1048 1637 1206 1710 urentur,
1221 1638 1254 1699 et
1273 1636 1352 1699 tecit
1370 1636 1537 1698 bominem
1551 1637 1587 1696 in
1605 1638 1703 1698 sexto
1726 1636 1795 1709 die,
1814 1637 1846 1697 in

200 1741 314 1802 haedos
342 1739 383 1800 ab
412 1738 544 1810 ovibus,
571 1738 618 1799 ita
644 1737 803 1798 Dominus
828 1735 996 1813 separabit
1049 1734 1189 1811 septime
1204 1748 1284 1797 vere
1297 1730 1462 1812 requievit
1475 1733 1517 1795 ab
1536 1732 1627 1794 omni
1642 1748 1748 1810 opere
1763 1731 1845 1809 quod

199 1838 339 1898 melosa
354 1835 461 1906 benis,
478 1835 565 1896 sicut
583 1835 724 1909 legimus
737 1832 771 1894 in
791 1833 970 1909 Evangelio
984 1850 992 1888 :
1049 1832 1208 1908 patrarat.
1321 1864 1324 1871 ·

199 1933 355 1995 Eatbunt
379 1935 500 2008 Acoeti
525 1932 559 1993 et
585 1932 797 2004 separabunt
825 1935 933 1992 metes
953 1932 995 1991 dc
1090 1927 1145 1989 Sic
1165 1926 1321 1990 debemus
1336 1943 1397 1990 nes
1417 1926 1548 2003 sacere3
1565 1940 1625 2005 per
1640 1927 1747 1989 tetam
1761 1926 1844 1989 heb-

198 2030 497 2102 mediojusterunc
507 2025 638 2107 (ldattb.
653 2043 728 2099 xrrr,
744 2022 810 2107 49).
1049 2024 1223 2086 demadem
1238 2025 1402 2097 laborare,
1418 2026 1452 2087 et
1473 2025 1509 2086 in
1525 2024 1640 2086 diebus
1661 2025 1845 2086 Dominicis

237 2128 284 2189 m
308 2125 580 2201 trerufipurotus
600 2125 751 2186 estante
773 2138 840 2187 ees.
862 2122 994 2186 Duabus
1045 2121 1258 2200 requiescere
1278 2120 1319 2183 ab
1341 2122 1431 2184 omni
1450 2134 1560 2199 opere,
1586 2121 1664 2199 quia
1687 2121 1767 2198 pest
1791 2136 1847 2182 sex

199 2222 363 2285 decausis
386 2221 659 2296 transponeretur
681 2221 733 2282 est
754 2223 922 2282 Dominus
937 2234 996 2281 ce-
1044 2219 1118 2280 dies
1150 2219 1352 2298 relinquitur
1382 2218 1620 2291 sabbatismus,
1655 2220 1691 2279 et
1712 2218 1846 2296 requies

200 2336 282 2382 rem
294 2321 479 2394 discipulis.
491 2318 603 2378 Prima
623 2318 685 2390 est,
700 2318 899 2379 dividentes
917 2332 993 2378 eum
1046 2318 1169 2395 popule
1184 2319 1256 2379 Dei.
1270 2318 1352 2389 Quia
1366 2316 1545 2379 secundum
1558 2315 1769 2393 Apostolum,
1786 2330 1845 2377 uos

198 2414 882 2486 morinendubitarentderesurrectione‚
897 2429 993 2492 quem
1046 2413 1844 2489 eumuetrtquosrtucssaecuwmemdceencrunt.

197 2515 267 2575 tam
280 2511 676 2588 gloriosumviderantin
689 2511 991 2587 transfiguratione.
1048 2512 1141 2572 Finis
1170 2513 1367 2573 saeculorum
1385 2513 1435 2573 est
1463 2511 1602 2587 septima
1629 2512 1713 2572 retas
1731 2509 1845 2571 mundi

200 2609 350 2671 Secunda
365 2610 425 2681 est,
441 2607 885 2685 utexsmplumetflduciam
900 2607 994 2669 daret
1047 2624 1121 2684 quae
1143 2611 1194 2670 est
1212 2608 1339 2670 ultima.
1365 2610 1497 2685 Septem
1519 2608 1607 2668 enim
1630 2609 1710 2670 sunt
1732 2610 1844 2669 aetaus

199 2704 352 2767 omnibns
367 2705 520 2766 tidelibus
534 2705 632 2766 talem
646 2705 787 2780 gloriam
800 2704 942 2764 habendi
958 2705 993 2764 in
1047 2705 1161 2766 mundi
1184 2718 1259 2782 quae
1280 2706 1314 2766 ln
1331 2705 1529 2782 Apocalypsi
1549 2704 1773 2780 designantis
1790 2720 1845 2782 per

197 2801 454 2872 resurreetione,
480 2801 611 2878 qualern
637 2801 787 2862 Christus
807 2800 931 2861 habuit
957 2801 993 2861 in
1048 2802 1173 2879 septem
1187 2802 1331 2878 Angelos
1346 2802 1425 2864 tuba
1444 2804 1612 2863 canentes.
1632 2802 1728 2863 Unde
1751 2804 1786 2863 et
1801 2801 1844 2862 ibi

195 2898 500 2973 transfiguratione.
529 2900 565 2957 lu
587 2897 890 2987 transfiguratione,
911 2912 993 2959 vere
1047 2898 1179 2970 dicitur,
1193 2898 1280 2975 quod
1295 2899 1330 2961 in
1343 2898 1459 2960 diebus
1472 2899 1564 2960 nocis
1579 2898 1712 2975 septimi
1727 2898 1844 2975 Angeli

196 2999 294 3059 Jssus
325 3010 390 3056 non
424 2993 642 3055 substantiam
670 2994 846 3070 assumpta
881 2993 993 3055 earnis
1048 2995 1330 3057 consummabitur
1343 2994 1536 3072 mysterium
1554 2996 1613 3056 Dei
1633 2995 1668 3057 st
1691 2995 1844 3057 adveniet
1967 2996 1968 3023 ³

192 3093 323 3163 amisit,
349 3091 406 3153 sed
432 3092 573 3168 gloriam
594 3090 713 3152 suturae
738 3090 992 3153 resurrectionis
1045 3092 1123 3159 nnis
1146 3092 1271 3153 mundi.
1300 3096 1337 3153 ln
1360 3093 1436 3154 istis
1460 3108 1520 3153 sex
1540 3092 1670 3164 diebus,
1688 3093 1780 3163 idest,
1805 3093 1840 3153 in

197 3190 350 3252 ostendit.
382 3190 429 3250 De
471 3204 535 3266 qua
571 3189 770 3264 Apostolus:
798 3190 879 3250 Non
910 3189 993 3249 suut
1047 3190 1109 3251 ista
1123 3190 1217 3252 sexta
1232 3188 1339 3261 aetate,
1358 3189 1513 3252 debemus
1527 3188 1684 3251 laborare
1695 3191 1742 3252 ita
1756 3188 1840 3268 qued
1966 3248 1967 3275 ,

192 3290 373 3364 coodtpnae
401 3289 582 3361 passiones
615 3289 719 3357 bipes
750 3286 915 3359 tempusa
948 3289 993 3346 ed
1046 3288 1081 3347 in
1099 3287 1239 3363 septima
1258 3287 1425 3364 pessimus
1439 3287 1589 3365 requiem
1603 3286 1743 3349 babere.

194 3384 353 3458 peterem
370 3387 519 3460 prorsam
543 3398 620 3456 oues
645 3384 908 3443 reverentiores
929 3397 994 3443 uo·
1087 3384 1274 3446 Secundum
1289 3384 1389 3445 aliam
1404 3385 1593 3462 opinionem
1608 3378 1769 3446 dicuntur
1784 3400 1841 3446 sex

196 3479 379 3559 bts(Rem.
405 3478 993 3559 vni,18).SicutdiciturinEsan-
1046 3480 1161 3542 aetates
1194 3481 1399 3554 viventium,
1446 3481 1584 3558 septima
1615 3482 1838 3553 morientium,
1965 3506 1966 3569 3

195 3577 303 3655 gello:
327 3577 518 3653 Futoebuut
534 3577 626 3650 justi
648 3576 737 3638 siccet
756 3581 807 3638 sot
827 3578 865 3637 tu
884 3592 992 3653 reone
1044 3578 1163 3639 octava
1183 3579 1439 3655 resurgentium.
1461 3579 1620 3640 senarius
1641 3580 1694 3641 est
1712 3579 1840 3641 riarum

194 3675 316 3735 Patris
348 3689 471 3735 eorum
499 3670 641 3752 (Mattlt.
676 3686 752 3741 xm,
785 3669 860 3750 43).
897 3672 991 3735 Unde
1045 3690 1204 3736 numerus
1229 3676 1271 3737 ad
1297 3677 1448 3749 mortem,
1471 3675 1505 3738 et
1522 3676 1564 3737 ad
1583 3675 1686 3737 vitam
1713 3677 1839 3737 duceu-

195 3769 276 3851 dicit
301 3769 496 3845 Apostolus:
525 3769 742 3831 salvatorem
769 3769 992 3843 asportemus
1041 3773 1145 3835 tium·
1162 3773 1226 3834 Via
1247 3788 1389 3851 namque
1410 3786 1483 3850 quas
1509 3772 1601 3836 ducit
1626 3772 1667 3834 ad
1685 3774 1838 3842 mertem,
1964 3816 1965 3849 ;

193 3869 380 3929 Dominum
391 3868 512 3926 desuem
526 3865 701 3926 Christum
715 3868 774 3938 qut
786 3866 992 3939 retbrmebtt
1045 3869 1175 3931 trifaria
1197 3870 1326 3932 ratione
1351 3869 1521 3932 dividitur.
1542 3871 1618 3932 Alia
1639 3884 1838 3942 aerumuesa,
1964 3868 1965 3913 l

193 3976 320 4038 corpus
347 3962 553 4024 humilitatis
577 3959 718 4032 nostroe,
737 3962 991 4036 cerestperetum
1045 3966 1113 4028 alia
1127 3966 1777 4039 laboriosaaliadeliciesaAErumnesa
1791 3966 1840 4028 est

194 4062 333 4134 corpori
351 4058 522 4119 claritatis
538 4072 612 4118 srcae
622 4054 758 4136 (Philip.
773 4072 822 4130 111,
838 4056 903 4137 21).
916 4060 992 4120 Cor·
1044 4064 1080 4124 in
1105 4063 1306 4140 pauperibus
1322 4064 1378 4141 qui
1396 4064 1431 4124 in
1457 4064 1652 4142 paupertate
1665 4079 1729 4126 sua
1750 4063 1839 4140 ragio
1964 4110 1965 4121 .

193 4171 255 4233 pus
264 4156 413 4216 nestrum
423 4154 537 4217 dicunt
550 4169 624 4214 esse
634 4153 769 4226 humile,
779 4155 856 4232 quia
867 4156 991 4233 patitur
1045 4160 1164 4237 spiritu
1187 4161 1220 4222 st
1240 4161 1341 4222 divite
1368 4160 1479 4222 anime
1498 4161 1771 4234 intumescentes,
1799 4159 1838 4222 ab

193 4252 326 4325 famem,
343 4253 376 4313 et
394 4251 496 4324 sitim,
517 4251 550 4312 et
564 4250 703 4312 caeteras
723 4252 937 4314 necessitates
957 4255 991 4315 et
1044 4257 1158 4335 inopia
1190 4254 1365 4335 temporali
1393 4257 1435 4319 ad
1472 4259 1631 4320 aeternam
1668 4258 1838 4319 miseriam

192 4350 415 4412 infirmitates.
432 4349 496 4410 Sed
514 4348 665 4411 Christus
681 4348 901 4425 configurabit
914 4365 991 4411 ceu
1042 4354 1301 4417 transferuntur.
1323 4354 1490 4416 Delielesa
1508 4354 1607 4417 estin
1626 4354 1789 4417 divitibus
1809 4354 1841 4415 et
1963 4362 1964 4413 l

192 4464 254 4525 pus
279 4450 429 4511 nestrum
458 4446 589 4524 corpori
617 4446 790 4508 charitatis
814 4461 883 4507 suae
912 4446 989 4523 quia
1044 4451 1262 4529 delicatisqui
1276 4451 1840 4530 indeliciis'etuoluptatibusenu·

191 4545 292 4608 faciet
312 4546 394 4607 illud
410 4544 606 4617 immortale,
630 4543 846 4622 impassibile,
873 4543 988 4621 splen·
1044 4547 1182 4611 trientes
1204 4563 1345 4626 oerpera
1358 4548 1508 4610 et‘cerda
1531 4564 1603 4620 sua,
1624 4550 1703 4627 pest
1726 4549 1841 4611 dulce-
1962 4604 1963 4621 ,

192 4641 305 4702 didum
318 4644 351 4704 et
363 4643 556 4718 gloriosum.
1044 4645 1139 4706 dines
1153 4646 1402 4707 momentaneas
1418 4645 1452 4708 st
1465 4645 1619 4707 horarias
1638 4646 1839 4725 voluptates,

231 4740 383 4800 Diximus
406 4738 463 4798 ubi
482 4738 737 4815 transfiguratus
752 4739 813 4801 est.
833 4737 989 4800 Dicamus
1043 4743 1085 4804 ad
1114 4743 1334 4819 sempiternas
1356 4740 1597 4805 amaritudines
1629 4743 1839 4807 delerentur.

191 4850 280 4895 nune
308 4834 461 4911 quandol
493 4837 572 4895 Post
598 4851 675 4907 sex,
706 4835 875 4908 videlicet,
904 4836 986 4898 dias.
1044 4838 1225 4902 Laberiesa
1248 4842 1300 4903 est
1318 4840 1353 4900 in
1368 4840 1480 4901 avaris
1502 4842 1535 4902 et
1549 4840 1679 4919 cupidis
1690 4842 1750 4920 qui
1766 4841 1841 4902 dum
1961 4832 1962 4837 ’

140 5012 145 5020 Ι
191 4935 266 5008 Ipse
281 4932 369 4992 enim
384 4931 544 4991 Dominus
559 4932 656 4994 Jesus
674 4931 826 4993 cbristus
846 4933 903 5010 qui
923 4949 986 4999 re·
1043 4936 1249 4999 diversarum
1283 4937 1452 4999 anxietate
1480 4953 1637 4999 curarum
1663 4938 1842 5000 miserabi-

190 5044 255 5091 rax
280 5028 330 5090 est
354 5028 390 5090 in
415 5028 588 5106 premisse,
616 5027 869 5104 premissionem
894 5046 988 5092 suam
1043 5034 1121 5096 liter
1131 5032 1374 5106 distenduntur,
1387 5032 1629 5096 obliviscuntur
1639 5051 1842 5112 quaerereea

190 5126 361 5204 discipulis
385 5126 455 5187 suis
479 5124 579 5186 dicit:
605 5127 693 5187 Sciret
711 5130 851 5201 attidem
869 5131 910 5190 de
934 5132 989 5190 bie
1043 5148 1116 5210 quae
1134 5131 1195 5193 Dei
1217 5131 1304 5203 sunt,
1332 5132 1366 5193 et
1390 5131 1542 5193 avaritias
1568 5131 1707 5193 aestibus
1736 5133 1844 5193 anhe-

189 5224 428 5297 stantibusque·
438 5223 869 5298 ooupostebuotueertem,
882 5228 988 5287 donec
1043 5229 1151 5291 lantes
1166 5245 1271 5306 usque
1295 5228 1338 5289 ad
1352 5227 1429 5290 vitae
1443 5228 1622 5290 terminum
1640 5228 1683 5289 ab
1703 5229 1841 5307 inquie-

189 5322 330 5383 oideont
342 5322 611 5392 sitiumbemiois
625 5321 820 5382 venientem
832 5325 868 5382 in
880 5337 987 5398 repno
1041 5327 1156 5389 tudine
1170 5326 1344 5402 temporali
1366 5325 1408 5386 ad
1427 5325 1546 5387 aeterni
1568 5324 1695 5387 laberis
1711 5342 1842 5403 angus·

188 5433 252 5480 sue
266 5416 383 5497 (Mare.
398 5433 470 5489 rm,
493 5417 558 5498 39).
583 5418 666 5479 Sunt
686 5416 721 5477 hi
735 5418 868 5495 quidam
885 5419 988 5481 disei-
1041 5424 1106 5486 tias
1118 5422 1376 5486 transferuntur.

189 5513 259 5590 puli
274 5515 331 5591 qui
346 5530 414 5577 nen
430 5514 626 5586 morientur,
648 5514 753 5577 denec
767 5515 902 5578 rideant
921 5533 984 5589 me,
1080 5520 1143 5582 Via
1163 5534 1242 5595 vere
1265 5535 1339 5597 quae
1361 5516 1452 5580 ducit
1474 5514 1516 5580 ad
1540 5518 1643 5581 vitam
1657 5518 1764 5583 simili
1787 5536 1844 5582 ra-

189 5610 461 5684 transflguratum
484 5612 519 5672 in
548 5610 655 5687 gloria
677 5628 764 5687 mea,
787 5613 883 5687 idest,
912 5630 985 5676 mea
1041 5616 1130 5680 tione
1145 5616 1370 5693 distinguitur.
1387 5614 1444 5678 Est
1458 5616 1547 5679 enim
1560 5616 1627 5679 alia
1638 5618 1841 5694 sanguinea,
