3960 6188
599 354 805 418 ncurnrm
826 353 870 414 99
894 349 1058 416 999999
1078 344 1268 410 ruscum.
1700 328 1759 390 ou
1796 310 1798 321 ⁴

102 358 169 428 913

21 546 27 561 ·
104 511 906 607 99199999991999999991ο,9919999991199.
962 505 1242 577 diversaeffluat,
1262 500 1415 564 991999
1435 492 1596 573 propbeta
1613 503 1759 551 unama

103 620 147 683 nt
162 621 240 683 ideo
254 618 456 682 resurrectio
475 616 589 677 999199
607 613 708 675 habet
721 628 830 684 mane,
847 611 909 672 ba·
957 602 1102 669 'Domino
1122 617 1253 681 semper
1271 599 1377 678 petat3
1399 595 1512 657 unitas
1529 587 1675 659 moralis,
1684 601 1759 664 quae

102 719 164 781 bet
178 719 362 789 meridiem,
379 714 479 776 babet
493 714 526 774 91
540 728 626 774 sero.
647 713 745 772 Mane
759 710 810 771 est
823 724 908 770 con·
963 705 1116 782 proximo
1140 717 1201 763 nos
1228 696 1416 775 conjungil3
1441 690 1528 753 9919
1554 685 1757 792 psalmista:

104 816 201 877 tritio
223 815 349 886 999119,
373 812 451 891 quia
472 813 551 874 tunc
573 808 668 870 nobis
688 807 805 885 incipit
826 805 909 867 99191
963 805 1026 869 Qut
1040 801 1197 864 babitare
1211 797 1293 872 sccii
1306 794 1491 856 uucuirucs
1504 790 1672 855 1919999,-
1687 797 1759 841 uni-

106 913 160 974 991
180 912 331 991 justitiae,
347 910 434 972 sicut
454 908 534 970 dicit
548 906 714 968 Malacbia
729 903 906 982 propheta:
963 902 1013 962 199
1042 896 1243 975 spiritualis,
1274 909 1349 970 quae
1381 905 1441 951 999
1473 882 1645 962 conjungit
1672 883 1756 952 Deo;

106 1008 248 1072 «vobis
259 1006 451 1071 timentibus
462 1020 583 1067 99999
597 1018 707 1065 meum
719 1001 846 1063 9919199
859 999 908 1061 991
963 997 1050 1058 9919
1070 992 1271 1072 Apostolus:
1297 991 1361 1057 Qut
1383 984 1537 1048 cdboerct
1560 986 1645 1051 Deo,
1668 990 1759 1039 riuus

98 1104 451 1186 justitiae.»Meridies
473 1103 523 1165 est
544 1100 708 1164 consessio
729 1099 813 1170 9919,
830 1097 908 1175 quia
962 1095 1108 1170 spiritus
1127 1087 1316 1168 9911199.
1336 1101 1381 1157 v1,
1403 1086 1472 1157 17);
1494 1081 1605 1143 991199
1625 1072 1759 1137 99919119

100 1208 177 1282 jam
189 1205 225 1265 19
238 1205 348 1265 99919
359 1203 474 1263 999199
484 1200 607 1262 9999911
618 1213 712 1259 9999
722 1195 907 1267 charitatis,
963 1192 1051 1253 inter
1064 1189 1220 1266 angelos3
1235 1186 1347 1247 unitas
1362 1178 1548 1260 personalis
1561 1178 1596 1237 in
1610 1171 1757 1244 Christo,

104 1302 197 1364 unde
215 1317 282 1363 999
303 1299 529 1362 erubescimus
550 1296 721 1374 peccatum
743 1293 907 1355 contlteri.
963 1289 1076 1351 unitas
1090 1284 1295 1365 principalis,
1311 1297 1385 1359 quae
1407 1279 1441 1341 et
1462 1270 1690 1337 substantialis
1710 1267 1761 1329 est

104 1398 320 1476 Impossibile
340 1398 391 1459 est
410 1398 521 1459 autem
542 1393 710 1456 bominem
734 1390 909 1468 pervenire
963 1389 999 1449 in
1017 1384 1198 1447 Trinitate:
1222 1386 1310 1445 Ecce
1328 1392 1432 1454 cuum
1455 1379 1592 1443 bouum,
1609 1370 1643 1432 ct
1655 1381 1759 1441 cuam

104 1497 149 1558 ad
164 1495 408 1572 indulgentiam
428 1493 485 1571 qui
499 1508 566 1553 non
580 1491 652 1552 vult
668 1488 819 1552 99911991
836 1487 910 1549 cul·
956 1486 1151 1558 jucundum
1161 1481 1265 1562 (Psal.
1277 1479 1347 1550 132,
1362 1474 1406 1556 1).
1419 1472 1503 1536 Sunt
1514 1467 1664 1548 quaedam
1672 1464 1759 1525 bona

104 1609 185 1671 pam
211 1607 317 1654 9999.
341 1591 435 1653 Unde
455 1589 635 1652 salomon:
653 1590 717 1655 oct
735 1586 910 1648 abscondit
964 1584 997 1645 et
1007 1580 1166 1660 jucunda,
1181 1578 1332 1657 quaedem
1346 1589 1408 1636 nec
1423 1573 1511 1632 bona
1526 1583 1587 1628 nec
1597 1562 1759 1643 jucunda,

102 1697 240 1753 9991999
266 1706 346 1762 suc,
374 1705 445 1751 unu
476 1687 661 1764 9119199199.
696 1687 760 1752 Qut
792 1683 910 1746 cutem
964 1680 1115 1758 quaedam
1133 1679 1220 1740 bona
1239 1677 1273 1737 et
1292 1689 1358 1735 non
1378 1667 1538 1749 jucunda,
1560 1665 1593 1726 91
1609 1660 1760 1739 quaedam

102 1791 285 1862 coufessus
307 1788 426 1862 1199911,
448 1786 481 1847 91
499 1784 722 1858 1999199911
745 1796 788 1844 ea
809 1784 911 1842 mise·
960 1776 1108 1857 jncunda
1127 1777 1240 1837 91999
1261 1771 1359 1832 bona.
1382 1771 1429 1829 De
1447 1764 1544 1827 bonis
1562 1762 1596 1823 et
1614 1774 1680 1820 non
1698 1759 1758 1834 ju·

103 1887 300 1946 ricordium
317 1883 545 1956 consequetur
565 1879 677 1960 (Pron.
699 1893 819 1949 xxviii,
844 1876 908 1956 13).
964 1875 1081 1937 999119
1096 1871 1289 1951 pervenitur
1309 1866 1350 1929 ad
1372 1865 1461 1927 bona
1482 1863 1515 1923 91
1529 1854 1688 1937 jucunda.
1713 1855 1760 1913 De

106 1981 295 2043 Sicutdicit
303 1979 463 2044 Jacobus:
474 1979 691 2051 confitemini
699 1976 910 2038 atterutrum
959 1971 1118 2052 iucundis
1130 1971 1163 2032 et
1174 1967 1270 2030 bonis
1283 1962 1476 2043 9999991199
1490 1957 1532 2019 91
1545 1956 1633 2017 bona
1645 1952 1680 2014 et
1692 1964 1760 2011 999

103 2080 251 2154 peccatu
271 2078 406 2149 oestro,
429 2077 463 2139 et
483 2075 582 2137 orato
600 2087 669 2149 pro
694 2073 910 2144 terrueruut
960 2070 1119 2149 jucunda.
1143 2070 1189 2129 De
1209 2061 1368 2142 jucundis
1386 2060 1420 2121 91
1439 2052 1621 2118 nonbonis
1643 2062 1762 2126 99999-

104 2178 293 2237 9919999191
309 2173 394 2254 (Jac.
411 2191 444 2247 9,
461 2171 526 2252 16).
545 2174 626 2233 Sero
644 2170 754 2232 autem
783 2169 835 2231 est
854 2183 910 2230 sa·
963 2169 1055 2229 nitur
1075 2165 1117 2227 ad
1138 2180 1200 2226 nec
1219 2162 1322 2233 bona,
1349 2174 1410 2220 nec
1429 2151 1587 2232 jucunda.
1614 2150 1706 2209 Bona
1729 2144 1762 2205 et

104 2272 257 2335 tisiactio
285 2272 412 2349 operis;
440 2285 514 2331 9999
538 2283 682 2345 namque
705 2266 838 2327 initium
859 2266 911 2326 est
964 2281 1031 2327 999
1055 2260 1205 2340 jucunda
1231 2259 1309 2320 9991
1333 2251 1551 2322 abstinentia,
1580 2242 1758 2324 patientia,

105 2369 229 2441 999119,
247 2370 280 2431 91
300 2368 466 2444 significat
486 2364 733 2427 adversitatem.
756 2362 911 2424 1999119-
964 2360 1152 2437 1199191199.
1172 2356 1323 2421 Jucunda
1350 2354 1466 2415 91999
1488 2349 1576 2410 bona
1600 2341 1677 2404 9991
1694 2353 1759 2400 vo·

105 2465 257 2527 19911999
278 2465 367 2526 9919
388 2463 498 2541 999919
519 2463 569 2524 991
590 2460 775 2523 adversitas
803 2458 912 2537 poeni-

104 2562 226 2623 tentiae
247 2562 281 2624 et
305 2560 455 2638 corporis
473 2558 627 2630 91119119,
648 2557 761 2634 utpote
781 2556 908 2628 999199,

107 2659 264 2731 exilium,
283 2659 316 2721 et
340 2658 409 2719 alia
431 2656 535 2718 multa
555 2654 672 2732 gravia
698 2670 773 2731 quae
798 2653 909 2731 99991-

105 2755 257 2818 tentibus
271 2755 498 2833 imponuntur.

151 2856 239 2914 Cum
256 2854 372 2927 itaque
386 2853 477 2915 99991
496 2866 578 2913 sero
596 2852 651 2911 dte
666 2851 736 2920 1119,
756 2846 912 2909 videlicet

107 2950 384 3022 resurrectionis,
405 2964 476 3011 uuo
495 2947 738 3010 9911911999
741 2988 801 3006 .....
827 2944 912 3006 sab-

106 3047 248 3108 bathum
273 3046 513 3123 interpretatur
540 3043 691 3122 requies,
721 3042 800 3120 quia
831 3043 910 3104 1999

109 3144 258 3219 resurgit
271 3143 381 3215 bomo,
398 3142 528 3220 quando
548 3156 627 3203 caro
645 3142 680 3211 ,91
699 3139 838 3217 99191199
854 3154 913 3200 re-

108 3242 287 3319 quiescunt
306 3256 328 3301 a
347 3240 451 3310 911119,
476 3238 661 3301 9991919919
689 3238 750 3299 919.
777 3239 824 3299 De
846 3252 911 3314 qua

108 3339 227 3416 requie
246 3338 327 3399 dicit
345 3337 504 3398 Dominus
521 3352 581 3413 per
599 3334 829 3396 Ezechielem:
848 3335 912 3399 Qut

108 3436 266 3512 putescit,
280 3434 432 3507 99199991
448 3431 644 3512 (1199919999,
660 3429 838 3510 27111991,
855 3430 912 3508 qui

109 3533 256 3611 quiescit
269 3531 392 3603 animo,
406 3530 557 3607 quiescat
572 3531 604 3592 91
620 3544 771 3606 9999999.

150 3630 234 3691 Viso
250 3629 291 3690 de
305 3630 464 3705 tempore,
480 3628 522 3689 de
539 3628 612 3689 1999
633 3626 667 3689 91
685 3626 726 3687 19
745 3625 912 3688 consortio

110 3728 390 3803 congregatorum
411 3725 594 3787 videamus.
618 3725 664 3786 111
684 3726 778 3799 fores
798 3724 912 3785 esseut

110 3831 258 3897 clausae,
292 3827 350 3886 911
385 3823 489 3907 eruut
523 3825 681 3898 discipuli
714 3822 913 3897 conprecari

108 3922 259 3996 propter
281 3921 411 3982 ructum
439 3923 654 3982 leucorum.
688 3918 812 3989 Locus,
842 3918 913 3980 9199

112 4018 231 4079 domus
244 4018 301 4078 ubi
316 4003 413 4079 erant
430 4017 584 4094 discipuli
603 4015 806 4091 congregati,
826 4015 915 4089 ngu-

113 4131 192 4177 9999
214 4115 346 4177 9119199
368 4115 514 4201 mentem
534 4114 811 4190 uniuscnjusque,
834 4111 912 4188 quia

113 4213 275 4275 Dominus
290 4213 324 4273 in
340 4212 486 4274 scissura
507 4211 679 4282 mentium,
695 4209 790 4280 idest,
810 4209 845 4268 19
864 4207 913 4268 919

113 4311 170 4387 qui
187 4309 310 4372 habent
321 4310 461 4371 scissam
475 4310 509 4370 91
521 4308 662 4369 divisam
676 4307 830 4377 mentem,
847 4320 914 4367 999

114 4407 255 4479 habitat,
272 4407 330 4469 sed
345 4406 444 4468 ineis
460 4407 516 4483 qui
532 4405 707 4466 unanimes
722 4402 914 4479 congregati

114 4504 241 4567 1999191
255 4505 296 4565 19
306 4504 433 4565 9911919
445 4502 583 4579 99191199
600 4504 633 4563 91
646 4500 682 4562 19
696 4499 831 4561 9199919
850 4515 914 4577 pa-

113 4602 176 4674 cis,
190 4602 351 4663 Dominus
361 4600 512 4662 babitare
522 4599 691 4677 probatur.
707 4598 801 4660 Unde
814 4597 914 4658 etiam

113 4698 238 4762 dicitur
265 4699 301 4759 in
333 4695 654 4759 benedictionibus:
682 4697 760 4756 «In
788 4695 914 4756 unitate

114 4797 230 4858 Sancti
246 4794 390 4872 Spiritus
404 4793 578 4855 benedicat
596 4808 657 4854 999
674 4793 785 4864 Ρ9199,
806 4794 840 4853 91
859 4791 917 4852 Fi-

114 4893 223 4955 lius.»
239 4895 296 4955 Est
310 4892 420 4953 unitas
435 4890 610 4962 naturalis,
631 4890 742 4951 unitas
757 4889 913 4961 99999119,

115 4992 228 5053 unitas
243 4990 408 5061 virtualis,
424 4987 536 5049 unitas
551 4987 699 5058 moralis,
716 4987 826 5048 unitas
841 4985 914 5063 spi-

115 5089 259 5161 ritualis,
281 5088 391 5175 unitas
411 5083 557 5157 socialis,
582 5085 694 5146 unitas
716 5084 912 5161 personalis

115 5188 149 5248 et
162 5187 273 5247 unitas
288 5183 495 5261 principalis.

156 5283 274 5345 Unitas
293 5281 457 5343 naturalis
472 5279 560 5341 inter
571 5294 691 5356 corpus
709 5280 743 5341 et
756 5279 912 5351 animam,

116 5382 227 5443 unitas
251 5380 396 5443 carnalis
420 5380 508 5441 inter
539 5377 649 5439 91999
674 5380 707 5438 91
732 5376 917 5452 loeminam,

117 5479 204 5541 unde
220 5480 379 5556 99919199
394 5478 444 5538 991
458 5477 524 5537 :Et
547 5475 652 5538 eruut
669 5477 736 5536 duo
754 5478 792 5536 tu
809 5490 916 5539 carue

116 5594 186 5639 unu
215 5577 310 5657 (Gen.
338 5591 374 5648 n,
401 5574 474 5653 24);
500 5574 612 5636 991199
644 5572 813 5646 919199119,
842 5589 916 5651 (999

118 5675 283 5749 bominem
311 5674 375 5737 sibi
399 5673 462 5752 ipsi
486 5671 678 5752 corljungit,
703 5671 740 5734 ut
763 5686 830 5734 non
856 5688 917 5751 999

965 2460 1089 2536 199199,
1114 2455 1303 2518 9991991199.
1334 2454 1427 2514 Bona
1452 2448 1485 2510 et
1508 2440 1657 2523 jucunda
1684 2435 1763 2499 sunt

965 2558 1134 2627 honestas,
1142 2552 1280 2632 puritas,
1296 2542 1548 2613 919991119911
1563 2540 1626 2601 boc
1637 2537 1761 2598 bonum

965 2653 1179 2717 obtinendum
1201 2647 1391 2712 necessaria
1406 2643 1457 2707 est
1473 2640 1584 2703 unitas
1603 2633 1763 2712 spiritua·

965 2750 1019 2823 lis,
1042 2750 1153 2812 unitas
1176 2746 1352 2816 naturalis,
1377 2742 1488 2804 unitas
1513 2734 1660 2806 moralis.
1684 2728 1763 2791 Pri·

965 2865 1052 2910 mam
1077 2845 1264 2908 disturbant
1289 2837 1546 2919 pusillanimitas
1572 2834 1605 2894 et
1628 2827 1759 2892 1991199.

965 2943 1230 3009 Pusillanimitas'
1245 2940 1325 3002 iacit
1339 2935 1544 3016 propositum
1558 2929 1760 3004 relinquere,

965 3045 1085 3107 levitas
1107 3040 1248 3103 mutare.
1269 3038 1417 3099 Alteram
1441 3028 1631 3096 obstinatio,
1658 3023 1764 3083 simu-

965 3142 1057 3209 latio,
1079 3137 1246 3215 suspectio
1267 3131 1466 3196 disturbant.
1491 3121 1676 3188 Obstinatio
1694 3133 1762 3179 non

965 3236 1092 3315 recepit
1120 3233 1329 3312 proximum,
1360 3225 1526 3304 suspectio
1556 3236 1623 3282 non
1657 3213 1764 3278 credit

966 3334 1129 3413 proximo.
1160 3334 1242 3408 Spes
1269 3329 1469 3390 aeternorum
1494 3316 1632 3398 expellit
1657 3311 1764 3392 pusil-

966 3430 1202 3501 lanimitatem,
1227 3424 1405 3489 obstinatio
1429 3418 1665 3485 humilitatem,
1688 3425 1765 3471 sus-
1876 3433 1878 3437 ·
1970 3510 1972 3523 ⁴

967 3530 1053 3607 91919
1068 3529 1102 3590 91
1113 3525 1282 3588 simulatio
1296 3520 1492 3586 charitatem
1508 3509 1688 3591 expellunt.
1721 3550 1725 3555 -

1007 3630 1044 3688 19
1064 3627 1174 3688 mente
1187 3638 1268 3699 ergo
1288 3620 1427 3698 quisque
1444 3613 1541 3677 debet
1561 3625 1634 3672 esse
1649 3604 1764 3685 januis

967 3725 1100 3788 clausis.
1128 3723 1183 3784 Sic
1204 3721 1293 3783 enlm
1320 3718 1368 3780 ait
1388 3738 1396 3777 ε
1419 3719 1505 3778 0999
1529 3714 1622 3787 soros
1650 3702 1765 3767 999991

966 3823 1173 3895 9199999911
1188 3819 1291 3882 orout
1304 3816 1460 3889 1199191911
1471 3805 1681 3886 9999999911.
1698 3805 1766 3863 Du-

966 3936 1040 3982 999
1066 3918 1192 3991 999199,
1219 3916 1317 3986 11991,
1344 3913 1455 3974 anima
1480 3908 1596 3971 nostra
1620 3902 1765 3979 quinque

967 4018 1080 4094 portas
1106 4015 1221 4086 babet,
1252 4012 1414 4090 quinque,
1439 4002 1609 4073 videlicet,
1633 4011 1763 4060 sensus.

967 4114 1030 4185 Qui
1054 4112 1133 4173 licet
1155 4109 1309 4171 dicantur
1330 4120 1447 4167 sensus
1471 4099 1631 4177 corporis,
1653 4095 1765 4157 tamen

967 4206 1200 4287 principaliter
1224 4206 1258 4266 et
1278 4203 1410 4282 proprie
1432 4199 1510 4262 sunt
1529 4195 1663 4266 animae,
1687 4189 1765 4267 quia

968 4307 1040 4368 sola
1059 4305 1172 4367 anima
1191 4303 1260 4365 vim
1277 4299 1377 4362 babet
1395 4294 1590 4366 auditus,et
1607 4291 1712 4359 91999,
1734 4285 1766 4348 91

968 4404 1176 4465 caeterorum.
1202 4397 1359 4475 corporis
1381 4395 1491 4457 autem
1517 4391 1592 4453 ideo
1612 4384 1766 4448 11999199

969 4517 1100 4572 999999,
1124 4498 1203 4577 quia
1226 4493 1417 4557 19999991
1441 4490 1588 4566 ipsorum
1609 4496 1766 4546 sensuum

968 4598 1201 4667 instrumenta,
1222 4592 1388 4663 uidelicet,
1405 4604 1515 4659 aures,
1529 4583 1681 4647 oculi.....
1698 4580 1768 4640 Nec

969 4696 1059 4759 enim
1084 4708 1224 4771 corpora
1248 4689 1366 4753 audire
1392 4688 1449 4748 aut
1476 4683 1590 4746 911999
1618 4678 1766 4758 9999991,

969 4789 1260 4860 991991999919,
1285 4787 1364 4865 quia
1386 4785 1457 4862 ipsa
1483 4779 1669 4849 recedente,
1690 4775 1769 4836 licet

969 4891 1004 4952 19
1020 4888 1243 4966 99999991999
1260 4883 1481 4948 19919999919
1497 4876 1702 4947 remaneant,
1715 4873 1769 4935 ta-

969 4985 1133 5048 9999199
1152 4984 1272 5046 effectu
1291 4981 1477 5043 911919999
1493 4976 1629 5039 babere.
1645 4975 1682 5033 19
1698 4985 1769 5032 999-

969 5099 1050 5162 9999
1067 5095 1209 5158 namque
1224 5078 1484 5154 remanentque
1499 5075 1594 5136 erant
1606 5066 1767 5144 corporis,

969 5181 1118 5251 scilicet,
1144 5179 1365 5240 instrumenta
1394 5186 1563 5236 sensuum.
1593 5166 1660 5243 Ipsi
1688 5178 1767 5225 9999

970 5295 1089 5342 999999
1103 5276 1314 5338 99999999991
1328 5289 1404 5336 999
1416 5271 1539 5337 anima,
1555 5265 1632 5341 quia
1647 5260 1768 5322 animae

970 5378 1076 5450 erant,
1094 5392 1161 5438 non
1180 5372 1330 5451 corporis
1345 5383 1474 5431 sensus.
1497 5368 1562 5427 Per
1577 5361 1638 5422 lias
1656 5359 1768 5435 999199

970 5492 1060 5538 9999
1075 5472 1272 5551 ingreditur,
1290 5466 1440 5528 91919191
1458 5463 1592 5525 clausae.
1612 5454 1704 5519 Unde
1721 5454 1770 5516 911

969 5574 1132 5637 ieremias
1145 5593 1152 5631 :
1163 5573 1261 5632 Mors
1271 5563 1418 5628 19199911
1429 5576 1496 5635 per
1508 5556 1682 5634 terrestres
1694 5568 1769 5615 uos·

972 5672 1047 5735 1999
1070 5670 1206 5749 (ierem.
1230 5681 1278 5737 rx,
1308 5659 1374 5740 21).
1398 5656 1536 5732 Quando
1556 5653 1645 5717 9919
1669 5650 1768 5713 bomo
