3936 6192
541 505 773 608 QUINTAE
825 508 1289 600 dolirlinviortls

376 750 1460 1043 uuauuruuiuu

593 1260 833 1386 LIBER
884 1257 1241 1409 QUINTUS

753 1557 1077 1578 —um

357 1963 569 2055 atratus
606 1963 626 2054 I

355 2162 399 2208 ne
420 2162 568 2209 simonia.
584 2144 632 2227 (1)

98 2316 275 2378 tlatoersis
299 2316 484 2388 abbatibus,
506 2317 539 2377 et
565 2318 734 2390 iratribus
758 2314 891 2377 Cister-

353 2416 478 2475 eteasts
493 2416 638 2475 ordinis.

408 2642 544 2703 CAPUT
565 2643 591 2702 Ι.

129 2793 179 2853 Ne
218 2791 281 2853 Dei
314 2793 503 2865 ecclesiam,
531 2808 630 2870 quam
652 2792 733 2855 lavit
755 2793 890 2869 proprio

96 2890 258 2966 sanguine
283 2892 382 2951 lesus
396 2890 547 2951 Christus
571 2889 701 2951 macula
731 2890 889 2952 foeditatis

96 2987 295 3064 coinquinet,
312 3003 395 3063 ruga
403 2987 606 3064 duplicitatis
619 2987 779 3049 deformet
792 3011 800 3063 ;
824 3005 888 3049 cu-

96 3085 239 3160 piditatis
255 3084 415 3162 spurcitia
428 3085 574 3146 omnium
598 3086 761 3147 malorum
778 3087 887 3158 radin,

26 3248 33 3261 ,
97 3184 126 3243 et
142 3183 334 3245 venalitatis
363 3182 566 3253 deformitas,
592 3184 689 3261 quasi
716 3200 800 3260 ruga
829 3183 889 3245 sub

97 3281 344 3342 consuetudinis
371 3282 534 3358 praetextu
569 3283 752 3350 contracta,
779 3282 891 3343 elimi-

98 3378 208 3439 nandae
222 3380 302 3440 sunt
311 3379 443 3455 penitus
456 3378 497 3439 ab
515 3379 642 3450 eadem,
661 3380 697 3441 ut
711 3380 889 3456 dispensa-

98 3477 139 3537 tio
153 3477 387 3554 mysteriorum
398 3477 469 3545 Dei,
483 3479 515 3538 et
528 3477 600 3554 ipsa
613 3477 771 3553 mysteria
785 3477 890 3552 gratis

98 3575 236 3651 accepta,
252 3574 412 3635 Giezitica
428 3575 592 3651 pravitate
603 3589 738 3651 prorsus
754 3574 888 3643 abolita,

99 3671 252 3734 charitate
281 3673 426 3748 gratuita
454 3671 680 3743 conterantur,
706 3688 780 3748 quae
803 3689 889 3733 ven-

98 3768 179 3840 dere,
197 3786 256 3830 seu
270 3786 382 3830 emere
401 3786 499 3847 quam
526 3769 732 3842 detestabile,
750 3787 890 3847 quamve

100 3868 316 3942 periculosum
352 3867 474 3929 existat
497 3867 622 3944 liquido
646 3870 805 3945 perpendi
829 3885 891 3947 po-

99 3965 166 4037 test,
192 3982 234 4026 ex
261 3982 314 4036 eo,
339 3965 424 4042 quod
460 3965 618 4026 Dominus
649 3966 828 4029 vendentes
857 3969 890 4030 et

99 4066 237 4129 ementes
262 4078 344 4124 oves
366 4064 399 4124 et
416 4062 516 4124 boves
533 4064 633 4141 ejecit
654 4064 693 4125 de
708 4065 842 4142 templo,
858 4067 890 4127 et

100 4169 269 4231 cathedras
303 4169 517 4230 vendentium
542 4169 712 4232 columbas
747 4174 887 4234 evertit:

101 4266 132 4326 in
145 4270 307 4345 eJectione
322 4267 466 4345 denique
489 4268 703 4331 vendentium
725 4270 757 4330 et
775 4286 890 4331 ernen-

102 4363 176 4425 tium
194 4365 355 4426 lacinoris
371 4366 577 4442 inquinantis
597 4368 811 4444 utrorumque
824 4382 888 4428 ex-

103 4462 246 4537 primitur
256 4463 449 4537 detestati03
459 4465 492 4524 et
508 4464 542 4523 in
553 4463 785 4524 cathedrarum
799 4481 891 4525 ever·

104 4559 186 4621 sione
211 4563 418 4623 monstratur
438 4562 492 4622 cui
508 4576 613 4638 paenae
629 4561 833 4638 subjaceant,
854 4563 890 4624 hi

135 4780 172 4853 (ll
187 4784 223 4841 Cc
236 4787 301 4843 titre
318 4795 361 4845 est
373 4788 399 4844 le
415 4789 445 4845 20
460 4788 495 4845 de
517 4789 543 4846 lu
561 4791 727 4863 Correpilatia
738 4793 845 4864 prima,
862 4799 890 4850 et

105 4848 128 4906 tc
139 4853 166 4909 3θ
178 4854 229 4913 des
242 4859 352 4916 Deerit.
372 4860 584 4931 Griqorvaaaes.

105 4958 330 5103 vo(ytatmfalchai,
352 4965 453 5024 chevet
475 4966 607 5026 d'attures
628 4969 745 5042 douces,
763 4989 834 5045 pour
848 4973 889 5031 tes

172 5078 188 5106 ο
208 5050 231 5092 s.

947 1828 1004 1905 qui
1019 1829 1176 1905 praesunt,
1193 1829 1371 1890 vendentes
1393 1828 1452 1889 Dei
1474 1827 1561 1888 dona
1575 1826 1608 1886 et
1623 1824 1740 1885 Eccle-

947 1927 1006 1986 siae
1022 1927 1240 1987 sacramenta.
1263 1928 1305 1988 Ut
1326 1926 1429 2003 igitur
1449 1922 1638 2001 hujusmodi
1653 1921 1740 1982 iaci-

947 2039 1009 2084 nus
1034 2040 1115 2100 quos
1138 2024 1341 2102 coinquinat,
1359 2026 1391 2086 et
1412 2023 1522 2101 aequat
1536 2020 1692 2100 praelatos
1709 2018 1742 2079 et

947 2121 1095 2184 subditos
1116 2139 1183 2184 non
1205 2123 1309 2199 possit
1329 2122 1466 2183 iniicere
1481 2135 1613 2198 quoquo
1632 2116 1739 2189 modo,

946 2332 989 2377 ne
1014 2316 1089 2394 quis
1104 2318 1385 2395 archiepiscopus,
1409 2316 1462 2378 vel
1481 2316 1666 2393 episcopua,
1685 2328 1743 2373 ar-

947 2414 1147 2487 chidiaconi,
1177 2416 1230 2476 vel
1258 2414 1419 2477 officiales
1443 2416 1591 2492 ipsorum
1616 2428 1637 2473 a
1659 2425 1743 2488 quo-

947 2529 1045 2590 quam
1072 2513 1107 2573 in
1121 2512 1273 2575 abbatem
1295 2514 1399 2576 electo
1415 2529 1474 2591 pro
1498 2510 1739 2580 benedictione,

946 2626 1005 2670 seu
1034 2610 1270 2683 installatione,
1299 2611 1352 2673 vel
1385 2608 1575 2687 recipienda
1612 2606 1742 2684 proies-

945 2709 1050 2777 sione,
1066 2707 1173 2780 abeo,
1189 2706 1250 2770 sub
1257 2708 1506 2771 consuetudinis
1514 2706 1678 2785 praetextu
1686 2720 1741 2766 cn·

940 2804 1740 2888 qusquam,palefridumtlt,seualiudquidquam

944 2920 1150 2981 quocumque
1165 2905 1299 2966 nomine
1321 2907 1507 2977 censeatur,
1524 2905 1670 2980 exigere,
1686 2902 1740 2964 vel

943 3003 1143 3079 extorquere
1166 3004 1363 3080 praesumat3
1388 3004 1547 3080 vobisque
1570 3001 1630 3062 sub
1652 3017 1741 3077 prae-

943 3100 1036 3162 tentu
1051 3100 1242 3177 liujnsmodi
1263 3103 1382 3163 exacta
1400 3102 1513 3163 taliter
1536 3115 1578 3160 ne
1601 3098 1741 3175 praeste-

944 3198 987 3258 tis
1003 3198 1244 3270 interdicimus
1270 3216 1371 3274 quum
1386 3215 1453 3260 non
1478 3197 1619 3258 soluma
1638 3195 1738 3268 malo,

944 3295 1001 3355 sed
1017 3311 1036 3356 a
1051 3296 1131 3356 mali
1147 3296 1190 3357 sit
1203 3295 1313 3371 specie
1325 3295 1568 3356 abstinendum.
1581 3292 1739 3353 installa-

944 3392 1046 3453 tionis
1059 3408 1189 3468 quaque
1200 3391 1426 3453 solemnitates
1440 3391 1513 3452 sseri
1528 3389 1740 3468 prohibentes

945 3490 1132 3565 adjicimus
1150 3492 1187 3551 ut
1214 3489 1468 3567 archiepiscopi,
1490 3490 1522 3551 et
1537 3487 1684 3565 episcopi
1699 3503 1739 3548 ea

945 3587 1012 3648 sint
1037 3586 1142 3648 torma
1168 3586 1385 3665 professionis
1400 3587 1557 3659 contenti,
1586 3603 1659 3664 quie
1696 3585 1739 3646 ab

945 3685 1075 3760 origine
1105 3686 1207 3746 vestri
1238 3685 1364 3746 ordinis
1397 3686 1546 3747 noscitur
1569 3685 1737 3758 instituta,

944 3786 996 3860 cuj
1003 3800 1039 3843 ns
1055 3784 1202 3845 tenorem
1217 3784 1258 3845 ad
1270 3788 1429 3862 majorem
1447 3785 1647 3846 evidentiam
1662 3785 1740 3847 huic

944 3883 1065 3942 nostrae
1079 3883 1209 3959 paginae
1235 3882 1391 3944 duximus
1417 3883 1630 3944 inserendum
1648 3887 1740 3959 :an

943 3982 1058 4055 frater
1071 3984 1183 4053 abbas,
1197 3983 1436 4043 Cistercieasis
1449 3985 1593 4049 ordinis,
1609 3984 1741 4053 szcbjee-

944 4079 1083 4149 tionem,
1106 4081 1353 4152 reverentiam,
1392 4081 1427 4141 et
1468 4079 1695 4142 obedientiam
1718 4094 1741 4139 a

943 4177 1080 4237 Sacratis
1110 4178 1268 4249 patribus
1290 4178 1525 4248 calamitatem,
1552 4180 1741 4239 secandam

944 4278 1101 4349 repellam
1120 4275 1240 4335 Sacrati
1266 4275 1454 4346 Benedicti,
1492 4276 1566 4347 tibi,
1593 4277 1740 4335 Doiictne

944 4372 1121 4443 episcope,
1150 4370 1284 4442 tuisque
1303 4374 1555 4431 successoribus
1579 4374 1741 4431 canonice

944 4466 1200 4535 substituemus,
1216 4467 1250 4526 et
1261 4468 1392 4527 saraciae
1405 4470 1598 4538 servimaco
1614 4468 1741 4527 Ordine

943 4562 1740 4644 alteopei'petltotiteexlttbititrttmprotttill0.(t1)

945 4797 1072 4856 minores
1087 4806 1114 4855 et
1131 4799 1302 4869 volociarcs;
1340 4798 1529 4856 aravrrcdarii
1540 4810 1607 4855 vero
1618 4795 1741 4867 maJorcs

944 4876 973 4925 et
988 4872 1149 4942 egurinales
1164 4873 1212 4943 qul
1230 4886 1305 4954 quau
1327 4878 1574 4928 oassumerentur
1593 4869 1629 4926 ad
1653 4882 1737 4925 evec-

945 4940 1046 5011 tiones,
1063 4942 1203 4999 veredarii
1215 4942 1391 5010 dicebantur,
1407 4944 1537 5010 παρίπποι,
1556 4944 1584 4998 in
1604 4943 1621 4998 Ι.
1643 4941 1693 4997 ult.
1708 4940 1738 4997 C.

944 5011 1053 5082 eod.;l.
1079 5013 1124 5082 50,
1145 5015 1174 5072 C.
1198 5013 1320 5071 Thedos.
1349 5013 1512 5086 ead.‚apud
1537 5011 1741 5086 Symmachum

944 5084 1026 5155 epist.
1043 5084 1086 5152 it,
1099 5084 1145 5142 lib.
1170 5087 1230 5152 Vll,
1257 5085 1331 5157 quod
1346 5085 1445 5157 probat
1459 5086 1589 5158 Cujacius
1609 5100 1643 5140 ex
1656 5083 1738 5154 epist.

136 5138 173 5207 (a)
194 5142 282 5214 Huius
304 5146 406 5273 capitis
423 5161 493 5229 'pars
518 5146 648 5219 quadam
673 5147 792 5208 retertur
814 5152 888 5224 apud
943 5156 1412 5227 laliaaiiiettoapiscapo,veienti
1427 5152 1742 5223 lffiparcoqioatqptqpr

106 5207 213 5294 Gregor.
229 5217 311 5298 Vetat
324 5219 335 5273 l
350 5232 466 5300 onorius
482 5234 532 5290 pro
550 5220 741 5278 installatione
755 5221 887 5280 abbatum
943 5233 987 5276 τοῦ
997 5229 1151 5292 spatiatim
1162 5246 1206 5278 rao
1217 5230 1287 5291 ὲμου,
1299 5229 1341 5278 καὶ
1354 5230 1528 5294 {vissanum
1546 5228 1571 5284 id
1588 5236 1631 5283 esi
1649 5241 1655 5280 :
1675 5225 1737 5279 Ute-

105 5280 323 5343 Cistereionsrum
346 5288 525 5371 palefridum,
538 5291 583 5348 vel
606 5291 672 5363 quid
693 5293 769 5350 aliud
796 5296 884 5367 exigi.
944 5298 1088 5355 cleantem
1100 5299 1226 5355 orlvirata
1236 5300 1348 5368 pialtico
1359 5315 1444 5370 osque
1458 5300 1495 5354 ad
1508 5295 1739 5356 ›castrametar-

107 5348 176 5408 ldein
191 5353 225 5411 de
239 5359 556 5443 praemonstratensibus
574 5363 757 5421 lniioccniius
772 5367 821 5435 lli,
841 5382 887 5494 edi.
942 5373 1110 5436 lenduno
1122 5372 1262 5441 parlppo;
1276 5377 1305 5427 et
1317 5376 1348 5426 ut
1358 5372 1486 5427 nrriittorn
1509 5370 1588 5426 locos
1614 5369 1741 5423 innume·

108 5421 192 5480 litei
217 5427 279 5497 328,
296 5429 343 5487 hb.
368 5433 388 5488 t.
410 5431 481 5499 Quid
510 5440 545 5489 sit
568 5433 743 5503 Palulredus,
759 5443 787 5493 et
812 5452 850 5493 un
872 5453 888 5496 e
944 5442 1120 5512 rosilapitut.
1138 5443 1477 5514 etlegurnantiquarum
1492 5436 1738 5504 accessiodorttt,

106 5490 263 5582 demandat,
275 5515 331 5557 non
357 5516 460 5582 nioror.
478 5503 502 5559 A
522 5504 707 5562 paraveredis
721 5505 823 5564 deduci
838 5508 887 5566 do·
942 5512 1066 5582 variae,
1083 5519 1250 5569 certum'est
1265 5528 1362 5569 veram
1378 5527 1443 5568 esse
1457 5510 1667 5566 distinctionem
1684 5509 1738 5564 Cu·

106 5570 158 5620 curt
172 5565 347 5654 Culparus'ad
372 5572 497 5656 ⁰¹:0⁰³·
511 5574 648 5632 decursa
659 5577 781 5647 publico.
800 5581 889 5636 lirant
940 5582 1017 5655 jocii.
1034 5598 1100 5640 nem
1118 5591 1145 5641 et
1162 5583 1246 5640 hodic
1260 5598 1383 5656 magones
1395 5597 1484 5653 equos
1497 5595 1643 5649 voearnus,
1654 5580 1741 5653 uulgo

106 5635 307 5714 samariaque
329 5657 423 5701 cursui
446 5643 557 5718 publico
582 5645 796 5707 destinabantur
821 5652 887 5724 equi
940 5655 1088 5725 patefrois.
