3952 6188
238 407 353 487 gaudii
365 408 534 472 Romanus
546 405 701 470 Pontifex
710 406 774 470 fuit
782 409 948 483 inventor,
960 409 1039 487 qula
1092 404 1223 469 sintin
1247 405 1443 469 conmsione
1462 420 1613 485 operum,
1634 408 1672 470 ln
1699 406 1892 475 comodere

238 507 312 584 ipse
329 506 428 568 bodie
444 522 554 568 rosam
577 522 714 568 auream
733 506 886 569 fidelibus
908 507 1039 586 populis
1092 505 1203 566 umen
1218 505 1295 567 sunt
1308 504 1557 581 cogitationum,
1572 506 1723 569 volentes
1747 507 1809 569 sed
1828 524 1891 571 non

238 604 465 683 repraesentat,
490 605 522 666 et
544 603 698 666 induitur
721 604 799 667 aliis
819 606 1037 677 vestimentis,
1093 602 1241 664 valentes
1255 601 1388 664 oculum
1399 603 1522 664 mentis
1537 603 1579 665 ad
1600 604 1723 666 caelum
1737 605 1891 682 dirigere,

238 703 272 765 et
285 701 385 764 babet
396 702 528 764 mitram
543 702 617 764 auri
632 701 811 778 frigiatam.
825 702 979 764 Pontifex
988 704 1040 764 te-
1093 699 1277 762 licetinviti
1289 716 1348 777 per
1361 700 1476 762 inania
1488 700 1728 763 distrahantur.
1740 703 1892 766 Flumina

237 801 295 862 net
309 799 416 861 ricem
438 799 571 861 Christi.
587 801 703 861 Vestes
725 800 915 875 significant
935 815 1038 861 mun-
1092 794 1890 874 orgoBabylonissuntperversaecousuetudines,

239 897 300 958 das
315 897 526 974 operationes
540 896 593 958 rel
615 896 766 958 laetitiam
785 898 915 959 mentis.
938 898 1038 961 Miira
1092 908 1166 970 quae
1206 892 1285 954 dum
1325 897 1503 956 occurrunt
1541 897 1714 958 memoria
1758 898 1890 971 nosue,

237 994 314 1057 auri
327 993 461 1071 frigiata
477 995 527 1056 est
540 993 685 1055 coelestis
699 994 796 1071 regni
815 994 934 1070 gloria.
1092 990 1231 1052 comunt
1257 992 1369 1053 umen
1393 992 1426 1053 et
1450 1007 1534 1069 quos
1555 992 1719 1054 seducunt
1740 995 1778 1055 in
1804 1010 1892 1056 mare

276 1093 316 1153 In
342 1093 406 1153 boc
433 1107 513 1168 ergo
539 1091 749 1167 significatur
773 1092 860 1169 quod
886 1092 1037 1155 Christus
1092 1087 1218 1150 seculi.
1240 1091 1279 1150 ln
1299 1088 1353 1150 liis
1373 1088 1565 1150 fluminibus
1590 1091 1749 1153 oriuntur
1762 1091 1890 1165 salices,

236 1187 378 1251 mundus
399 1188 462 1251 fuit
482 1188 518 1249 in
541 1204 651 1267 opere,
676 1189 774 1251 laetus
790 1190 882 1252 venit
898 1190 940 1253 ad
955 1206 1037 1268 pas-
1091 1185 1188 1258 idest,
1211 1184 1337 1247 debiles
1362 1187 1396 1249 θῖ
1420 1186 1634 1249 infructuosae
1662 1188 1889 1265 cogitationes,

236 1285 376 1359 sionem,
392 1287 425 1349 et
438 1286 555 1348 babuit
571 1287 807 1365 repromissam
824 1286 888 1349 sibi
903 1304 924 1350 a
937 1288 1037 1351 Patre
1091 1282 1128 1344 in
1142 1281 1352 1359 quibusdum
1365 1298 1425 1361 per
1441 1285 1556 1346 inania
1569 1284 1808 1359 distendimur,
1822 1304 1891 1349 ⁸1¹8·

236 1383 404 1445 coelestem
418 1384 570 1460 gloriam.
584 1384 810 1463 bliterzquod
823 1386 979 1448 Pontifex
988 1386 1039 1448 est
1091 1380 1265 1457 pendimus
1285 1396 1317 1442 a.
1331 1380 1431 1443 laude
1454 1382 1515 1443 Dei
1540 1383 1642 1444 corda
1668 1384 1800 1456 nostra,
1823 1400 1889 1461 qua

236 1481 375 1543 indutus
390 1482 545 1559 pretiosis
563 1481 777 1556 indumentis,
798 1484 831 1545 et
849 1483 949 1545 mitra
963 1483 1037 1545 auri
1091 1493 1218 1555 organa
1232 1477 1342 1541 burim
1355 1480 1433 1542 ante
1442 1479 1655 1559 conspectum
1664 1480 1728 1543 Dei
1737 1497 1889 1546 resonare

236 1577 371 1655 frigiata
408 1580 602 1651 coronatur,
638 1579 700 1642 boo
731 1580 916 1656 siguificat,
950 1581 1038 1659 quod
1092 1575 1260 1638 deberent.

236 1675 387 1737 Christus
402 1676 576 1737 incoelesti
590 1678 777 1739 Jerusalem
788 1678 1036 1741 conrinxitsibi
1131 1676 1200 1736 Deo
1219 1675 1330 1736 autem
1348 1672 1487 1750 gratim
1502 1674 1559 1753 qui
1573 1674 1665 1738 dedit
1678 1675 1780 1738 nobis
1793 1677 1890 1740 ricto-

235 1787 352 1833 omnes
367 1774 500 1834 sanctos
523 1775 557 1834 et
575 1773 723 1850 angelos,
745 1775 900 1852 quisunt
923 1775 1037 1837 mundi
1091 1770 1176 1833 riam
1198 1787 1258 1848 per
1278 1772 1454 1835 bominum
1477 1774 1627 1834 nostrum
1644 1776 1764 1836 Jesum
1784 1775 1889 1835 (111111-

237 1868 279 1935 ab
294 1869 385 1930 omni
396 1871 538 1932 macula.
552 1870 593 1932 ut
603 1871 654 1932 est
667 1871 775 1947 gloria
791 1872 965 1935 ethonore
979 1890 1038 1936 co-
1090 1868 1172 1931 turn.
1182 1869 1266 1941 Quia
1274 1869 1305 1930 si
1311 1870 1613 1946 ingerantsemalae
1621 1872 1888 1946 consuetudines,

236 1967 385 2035 renatus,
410 1967 488 2044 quia
513 1968 585 2044 ipse
611 1971 661 2031 est
687 1970 759 2031 Rex
779 1985 896 2044 regum
914 1971 948 2033 θῖ
966 1973 1036 2034 Do·
1091 1981 1158 2027 non
1182 1966 1293 2029 umen
1325 1965 1509 2029 insedimus
1543 1968 1602 2029 sed
1638 1968 1890 2045 supersedemus

235 2063 348 2125 minus
367 2063 620 2127 dominantium.
642 2066 700 2128 Est
723 2066 823 2128 etiam
842 2067 1035 2141 aliacausa,
1091 2062 1285 2125 numinibus
1306 2063 1495 2141 Babylonis,
1520 2065 1599 2142 quia
1622 2064 1799 2129 duloedini
1820 2067 1890 2128 rita

238 248 299 315 roo
704 247 882 312 noroan
903 248 950 313 m
971 248 1121 312 ornan.
1135 274 1177 295 -
1191 245 1425 313 suanenses
1837 251 1893 314 eoo

233 2161 315 2239 quia
329 2163 417 2223 Deus
432 2162 503 2225 vult
514 2162 681 2224 consolari
696 2179 757 2225 nos
777 2164 813 2226 in
834 2164 908 2242 ipso
922 2165 1037 2228 labore
1092 2160 1276 2229 saumario,
1292 2162 1326 2222 et
1339 2161 1520 2238 alloquenti
1540 2161 1708 2224 obmutuit
1721 2163 1849 2236 anima,
1861 2165 1892 2225 et
1967 2232 1968 2235 Ἴ

231 2258 354 2336 jejunii
380 2259 422 2320 de
448 2276 591 2337 superna
616 2261 897 2333 remuneratione,
926 2264 963 2324 ut
988 2263 1038 2324 si·
1090 2256 1265 2321 obsurduit
1274 2259 1455 2331 revocanti,
1464 2257 1716 2338 blandientique
1733 2259 1892 2322 induruit
1967 2258 1968 2283 ³

235 2370 309 2421 mus
334 2356 418 2418 certi
441 2356 528 2433 quod
551 2357 766 2433 regnabimus
793 2374 869 2420 cum
892 2359 1034 2432 Christo,
1090 2355 1151 2415 His
1180 2354 1284 2431 igitur
1310 2354 1513 2418 vanitatibus
1551 2354 1723 2433 impediti,
1751 2373 1822 2419 non
1846 2359 1893 2420 est
1967 2360 1968 2363 ’

236 2451 293 2529 qui
308 2452 405 2514 modo
417 2452 598 2530 affligimus
610 2469 751 2532 corpora
763 2456 1033 2533 nostrajejuniis.
1090 2451 1210 2513 mirum
1232 2453 1262 2512 si
1283 2452 1402 2514 flemus
1430 2452 1644 2515 recordantes
1674 2454 1772 2527 Sion,
1798 2455 1890 2528 idest,
1967 2444 1968 2487 l

231 2549 330 2610 Unde
343 2550 522 2626 spostolus
537 2571 545 2613 ε
560 2553 599 2614 Si
612 2554 844 2627 compatimur
857 2554 890 2615 et
909 2568 1035 2616 conre-
1090 2548 1133 2611 ad
1144 2548 1338 2611 memoriam
1352 2549 1549 2615 reducentes
1570 2550 1666 2611 illam
1680 2551 1890 2627 suavitatem,

233 2649 417 2721 grammar
437 2646 563 2726 (Rom,
578 2663 653 2718 vm,
674 2647 738 2728 17).
754 2648 847 2721 Quod
866 2665 1036 2727 exponens
1090 2645 1238 2723 illudque
1258 2647 1388 2723 saporis
1409 2646 1686 2710 oblectamentum
1702 2649 1796 2725 quod
1811 2665 1894 2726 pra·
1967 2632 1968 2643 ¹

235 2741 316 2802 alibi
331 2741 432 2804 dicit:
448 2745 543 2805 siau
560 2748 644 2807 souti
654 2750 858 2820 pussioam
871 2748 969 2819 ests,
987 2751 1037 2810 sto
1089 2744 1225 2820 gustant
1245 2744 1470 2821 speculatores
1484 2744 1548 2817 illi,
1564 2745 1621 2822 qui
1641 2746 1798 2809 revelata
1812 2746 1892 2808 facie

231 2840 336 2901 critis
356 2839 391 2901 ct
408 2842 679 2902 consolationum
692 2840 738 2920 (ΙΙ
752 2845 826 2905 Cor.
843 2859 867 2916 1,
888 2842 951 2922 17).
968 2846 1036 2906 Lo·
1090 2841 1260 2903 merentur
1272 2842 1417 2918 spectari
1437 2841 1580 2918 gloriam
1594 2843 1666 2904 Dei.
1684 2846 1822 2918 Inscite
1834 2859 1891 2920 coo

234 2951 311 2998 cum
332 2936 547 2999 considerare
563 2937 732 3011 debemus,
749 2940 827 3017 quia
841 2940 906 3002 ista
921 2941 1037 3003 Eccle-
1088 2942 1210 3001 borno!
1235 2942 1313 3013 quis
1338 2953 1395 3003 aare
1421 2942 1577 3001 liberabit
1597 2942 1639 3001 de
1656 2943 1751 3017 jugo
1771 2943 1891 3003 mortis

233 3033 286 3094 sia
302 3049 377 3112 quae
389 3033 512 3097 dicitur
527 3037 643 3098 sancta
654 3037 852 3110 Jerusalem,
869 3038 1036 3115 siguificat
1088 3038 1193 3107 1111111
1206 3034 1315 3114 (Rom.
1331 3034 1473 3116 v11,2‹l).
1493 3036 1559 3097 Aut
1582 3036 1719 3114 quando
1732 3038 1893 3100 insultare
1967 3060 1968 3063 ¹

233 3131 327 3194 illam
346 3131 513 3195 coelestem
532 3134 729 3206 Jerusalem,
746 3151 820 3211 quae
834 3136 1036 3213 interpreta—
1089 3131 1214 3210 possim
1238 3132 1475 3194 insultantibus
1503 3132 1600 3195 modo
1629 3134 1713 3194 milri
1740 3133 1893 3195 hostibus

232 3229 289 3291 tur
299 3230 385 3292 risio
397 3230 500 3307 pacis,
517 3230 595 3308 quia
607 3230 656 3292 ibi
669 3233 721 3293 est
733 3247 801 3310 pax
817 3233 890 3295 sine
904 3233 1035 3296 discor·
1089 3230 1185 3302 meis,
1195 3229 1325 3307 quibus,
1335 3229 1545 3307 exigentibus
1552 3231 1890 3308 iniquitatibusmeis,

233 3325 300 3399 dia,
317 3325 365 3388 ibi
379 3328 429 3389 est
441 3326 512 3389 dies
533 3327 606 3389 sine
624 3330 732 3401 ιιοθῖθ,
748 3329 795 3391 ibi
817 3330 947 3394 estvita
962 3331 1035 3393 sine
1089 3328 1199 3404 posuit
1220 3343 1272 3390 me
1295 3329 1382 3390 Deus
1403 3328 1438 3389 in
1461 3318 1736 3391 subsanationem
1755 3331 1789 3390 θῖ
1804 3328 1895 3392 deri·

232 3425 351 3496 morte,
365 3423 406 3486 de
418 3440 484 3502 qua
499 3424 579 3486 dicit
591 3427 769 3503 Apostolus
785 3448 793 3488 ε
809 3431 873 3490 luo
885 3431 1034 3492 Jcrrcro-
1089 3442 1175 3499 sum,
1199 3425 1380 3487 humilians
1403 3441 1456 3489 me
1480 3426 1519 3489 in
1539 3426 1613 3488 loco
1634 3426 1843 3497 afflictionis,
1857 3428 1892 3491 in

232 3525 301 3583 tem
314 3538 391 3597 quoe
404 3538 548 3587 sursum
561 3524 614 3586 est
624 3527 742 3597 libero,
758 3522 841 3600 grcoe'
852 3527 905 3588 est
921 3526 1035 3589 auter
1089 3538 1154 3601 quo
1169 3522 1340 3600 cooperuit
1352 3540 1404 3584 me
1416 3522 1533 3585 umbra
1547 3524 1689 3586 mossisi

233 3619 356 3680 nostra
370 3616 506 3698 (Galat,
522 3636 569 3693 rv,
583 3618 650 3699 26),
664 3621 743 3699 quia
754 3622 841 3685 sicut
852 3622 933 3685 dicit
945 3625 1036 3700 Apo-
1131 3619 1167 3680 Si
1190 3620 1279 3681 euim
1299 3620 1491 3684 carnalibus
1512 3621 1683 3684 distrahor
1704 3620 1893 3697 desideriis,

231 3712 338 3775 stolus
352 3718 693 3781 :Noobobemuobie
702 3721 1035 3783 mareotemcfoita·
1089 3718 1122 3780 θῖ
1144 3717 1223 3791 illis,
1240 3717 1326 3796 quod
1347 3718 1445 3791 absit,
1466 3720 1649 3791 consentio,
1672 3719 1708 3780 iu
1730 3721 1895 3796 guantum
1967 3768 1968 3779 ,

231 3810 314 3882 fem,
328 3814 390 3872 scd
402 3812 561 3885 futurum
581 3817 792 3886 inquiramus
813 3816 941 3890 (Heba,
956 3832 1032 3890 1111,
1088 3829 1222 3891 possum
1249 3815 1394 3893 paridem,
1419 3816 1454 3877 in
1480 3816 1586 3878 morte
1613 3832 1705 3891 sum3
1736 3818 1894 3879 mortuus
1967 3862 1968 3877 .

234 3904 298 3986 ll).
315 3908 355 3969 et
374 3907 409 3969 in
427 3907 491 3971 illa
507 3909 694 3971 Jerusalem
718 3910 845 3973 coelesti
867 3913 1035 3978 videbitur
1089 3911 1202 3989 utique
1226 3914 1260 3974 et
1281 3915 1522 3990 consequenter
1541 3912 1754 3990 sepeliendus
1775 3913 1814 3975 in
1834 3914 1893 3975 in-

233 4020 310 4081 pax,
325 4004 411 4068 idest
421 4006 509 4069 Deus
524 4006 606 4084 ipse,
616 4006 657 4069 de
667 4022 731 4084 quo
745 4006 825 4070 dicit
832 4010 1011 4086 Apostolus
1024 4034 1032 4074 :
1088 4007 1228 4071 fernum.
1238 4010 1272 4071 Si
1282 4010 1394 4072 autem
1403 4010 1551 4073 assultus
1560 4026 1678 4072 eorum
1686 4009 1891 4091 assentioil)

233 4104 312 4176 Ipse
334 4103 387 4164 est
408 4117 486 4178 poc
517 4104 659 4175 nostra,
689 4108 1033 4184 persecunturque
1087 4122 1154 4168 non
1179 4106 1214 4168 in
1237 4107 1422 4180 morte,sed
1450 4108 1486 4169 in
1513 4107 1641 4183 umbra,
1659 4109 1779 4171 mortis
1800 4124 1887 4181 sum,
1967 4154 1968 4169 .

231 4213 342 4260 aarum
356 4196 466 4278 (Epis,
482 4214 520 4268 11,
535 4197 598 4278 11).
622 4202 669 4261 Ι)θ
687 4216 752 4278 qua
773 4218 855 4280 pace
872 4202 954 4271 dicit
967 4206 1035 4268 Da·
1088 4203 1166 4265 dum
1192 4203 1344 4266 inanium
1370 4204 1506 4283 pulvere
1533 4205 1777 4282 cogitationum
1802 4204 1889 4268 cali·
1967 4190 1968 4209 ¹

231 4294 482 4371 albwinipara
493 4299 531 4359 tn
544 4298 674 4360 virtute
687 4298 758 4371 tuo,
772 4299 807 4361 et
821 4303 1034 4365 abundantio
1085 4301 1168 4378 gant
1189 4301 1278 4363 oculi
1308 4302 1392 4375 mei,
1417 4302 1451 4364 θῖ
1475 4304 1654 4365 revocatur
1681 4303 1844 4366 memoria
1869 4318 1889 4363 a

230 4394 269 4454 ta
281 4392 437 4455 turribus
452 4390 600 4473 tuisffs.
617 4396 687 4468 121,
703 4394 744 4466 7).
757 4397 872 4458 Turris
890 4414 1033 4478 namque
1087 4398 1263 4460 dulcedine
1288 4399 1348 4461 Dei
1367 4400 1445 4462 mei.
1468 4401 1508 4462 St
1529 4401 1650 4463 aaran
1669 4404 1889 4465 mammeam

227 4486 413 4552 fortissima·
435 4491 489 4553 est
509 4490 679 4568 Christum
703 4492 745 4554 ad
768 4509 843 4555 earn
864 4494 1033 4573 confugiet
1087 4499 1124 4557 in
1137 4500 1248 4559 scedio
1267 4499 1400 4560 umbros
1417 4496 1542 4560 mortis
1562 4512 1634 4560 aon
1653 4499 1794 4571 timebo,
1810 4511 1891 4573 θυο-

227 4585 340 4661 justus
354 4586 387 4648 et
401 4587 596 4650 salvabitur.
611 4589 705 4651 Unde
718 4589 755 4652 in
769 4591 829 4652 illo
844 4593 972 4669 psalmo
986 4594 1033 4656 lo-
1087 4596 1184 4656 ntum
1204 4595 1398 4657 tumorum
1416 4610 1455 4657 es
1476 4593 1546 4675 (Ps.
1568 4597 1619 4667 22,
1642 4594 1689 4675 1).
1713 4596 1809 4658 Unde
1829 4596 1889 4656 boc

229 4681 344 4756 quitur
356 4682 460 4744 David
475 4684 517 4744 ad
530 4686 716 4749 Jerusalem
735 4688 914 4762 coelestem,
937 4693 1032 4769 cuijus
1084 4707 1222 4767 sperare
1244 4708 1424 4769 praesumo,
1450 4692 1528 4770 quia
1551 4693 1648 4769 virga
1671 4693 1741 4755 tuae
1755 4708 1890 4757 eorrec-

231 4778 338 4838 virtus
359 4779 410 4840 est
428 4781 525 4842 Deus.
544 4784 615 4845 Pax
629 4784 694 4846 erit
710 4787 897 4849 Jerusalem
911 4787 947 4851 in
959 4788 1032 4851 vir·
1085 4789 1186 4850 tionis
1213 4791 1248 4851 et
1274 4789 1429 4852 baculum
1449 4790 1516 4853 tuae
1537 4790 1794 4854 sustentationis
1818 4791 1891 4867 ipsa

232 4874 302 4936 tute
312 4876 471 4953 sua,quia
482 4878 546 4943 erit
555 4895 629 4941 cum
640 4880 780 4943 Domino
788 4898 857 4944 una
864 4884 1029 4949 voluntas.
1085 4903 1139 4948 me
1153 4887 1379 4951 consolantur.
1402 4889 1442 4949 Et
1462 4887 1493 4949 si
1511 4888 1600 4949 enim
1615 4889 1769 4966 corrigas
1779 4890 1817 4950 et
1829 4888 1892 4949 de·

272 4971 446 5034 divitatem
477 4989 558 5052 ergo
592 4981 741 5040 sanctam
771 4980 964 5043 ‚Jerusalem
996 4985 1031 5046 in
1085 4984 1210 5063 primas
1241 4985 1432 5063 superbiam
1466 5001 1593 5059 meam,
1627 4986 1819 5049 reducendo
1856 4983 1891 5047 in

232 5065 362 5129 inferno
388 5072 592 5148 paupertatis
623 5073 732 5137 adhuc
764 5078 1031 5153 peregrinantem
1085 5083 1255 5160 pulverem
1274 5081 1513 5152 morosiores
1533 5084 1644 5145 tamen
1659 5084 1767 5145 utam
1783 5098 1891 5145 meam
1967 5094 1968 5147 i

231 5165 422 5228 consolatur
433 5168 599 5243 Propheta
612 5168 743 5239 dicens:
757 5173 833 5234 Noli
846 5174 938 5249 flere,
953 5179 1031 5254 qula
1084 5181 1275 5242 sumamus
1289 5180 1749 5251 me,necorruaminlacum
1761 5181 1891 5244 mortis.
1967 5168 1968 5259 Ῑ

231 5260 298 5323 cito
322 5263 433 5325 veniet
456 5263 547 5324 salus
561 5263 629 5325 tua.
645 5266 785 5328 Etenim
806 5274 944 5346 :Super
963 5275 1032 5345 ltu-

226 5360 328 5419 mma
354 5362 536 5432 Babylonis
560 5363 627 5423 ww
649 5366 802 5428 sedimus
820 5369 854 5429 33
871 5368 1031 5440 nevimus
1121 5353 1162 5428 (1)
1184 5357 1225 5415 lta
1245 5356 1323 5414 llSS.
1344 5355 1420 5426 cod,
1438 5355 1485 5414 ubi
1507 5363 1605 5414 teman
1625 5355 1748 5414 verbum
1767 5356 1891 5413 emta

232 5456 314 5512 darm
338 5459 605 5519 recordaremur
627 5460 689 5531 tui,
710 5463 793 5523 Sion
807 5460 876 5542 (Ps.
897 5467 966 5539 136,
983 5465 1029 5547 1).

234 5546 398 5635 babylon,
419 5552 586 5630 confusl03
608 5556 744 5632 quidam
768 5559 858 5621 enim
879 5562 941 5624 etsi
963 5580 1029 5633 non
1085 5567 1249 5626 tentatione.

1084 5441 1141 5482 non
1150 5440 1206 5554 (pru
1216 5440 1369 5497 consensu,
1384 5427 1434 5485 sed
1446 5442 1498 5501 pro
1510 5427 1678 5485 sensadone
1692 5435 1806 5485 mnmm
1818 5426 1894 5484 acci·
1967 5442 1968 5503 ξ

1084 5498 1150 5571 plen
1172 5510 1221 5555 um
1243 5504 1303 5568 cst,
1328 5499 1436 5558 solimet
1459 5512 1511 5572 pro
1536 5498 1611 5555 mela
1635 5498 1826 5557 mdiuaooue
1845 5496 1891 5554 vd
1967 5508 1968 5575 p
