3952 6188
96 216 153 281 ror
277 207 624 289 ouanaaessma:
644 212 849 277 cosmica
871 211 1052 286 Qunam
1067 242 1108 258 -
1122 213 1168 275 ns
1189 213 1332 279 sessu
1353 214 1542 279 ananau.
1681 203 1751 285 m·

94 375 153 440 isti
165 364 352 454 significant
365 374 516 439 infirmos
535 375 571 437 ln
592 366 668 449 lide,
690 369 889 438 sinendum
944 372 1742 456 ccumlaetitiaquilntristitiainistisquoniam

97 473 228 536 idoneos
249 488 381 550 pugna,
397 473 476 551 quia
490 471 578 534 sicut
590 468 672 535 dicit
690 471 888 549 Apostoluss
943 488 963 532 s
984 471 1152 549 absterget
1171 473 1332 535 Dominus
1352 489 1484 536 omnem
1501 474 1683 553 lacrymam
1698 474 1740 538 ab

96 572 301 647 imperaror
311 569 364 632 est
376 572 452 632 stne
465 567 887 646 ndepmoerelieofflebr.
940 585 962 629 e
983 570 1089 632 oculis
1116 569 1317 644 sanctorum,
1342 572 1377 634 st
1389 573 1461 649 jam
1481 588 1548 634 non
1569 571 1635 635 erit
1664 589 1742 634 am-

96 683 141 741 xr,
162 666 206 747 d),
229 671 312 742 quio
326 667 447 740 justus
463 681 511 729 eo
530 668 597 740 tide
617 666 705 729 olvit
730 665 839 745 (Rom.
863 660 886 737 i,
943 666 1071 744 «plius
1096 682 1204 745 neque
1225 668 1344 741 luctus,
1370 684 1478 747 nsque
1507 670 1650 744 clamor,
1681 670 1741 732 sed

96 764 158 845 dr).
173 764 317 826 Possunt
330 764 431 826 etiam
446 779 506 842 per
514 764 673 826 mulieres
687 766 720 825 et
732 762 889 841 parvulos
941 780 961 823 c
982 779 1045 825 nec
1059 764 1148 825 ullus
1160 764 1255 826 dolor
1268 765 1348 842 quia
1362 766 1476 844 priora
1489 767 1706 829 transierunt.
1721 784 1741 828 s

75 861 235 942 reprobi,
262 863 297 924 et
321 863 379 939 qui
402 876 469 924 non
495 877 573 924 vere
601 860 741 924 eredunt
765 860 800 922 in
825 859 889 921 lide
943 857 1002 938 (is.
1016 876 1109 935 sxrr,
1122 859 1189 941 lo.)

93 957 249 1024 'Ecclesia
263 958 412 1036 figurari,
428 959 506 1036 qnia
519 960 671 1036 quamvis
685 973 760 1020 cum
773 956 888 1020 electis
984 957 1213 1037 Repraesentat
1236 959 1349 1037 ltaque
1361 958 1435 1021 dies
1463 961 1528 1023 iste
1545 960 1743 1027 charitatem

94 1058 266 1122 comedant
276 1057 310 1118 et
320 1055 447 1129 bibant,
462 1057 497 1118 et
514 1056 582 1117 sint
602 1056 638 1117 in
652 1071 768 1118 eorum
789 1054 890 1116 iami-
941 1056 1017 1134 post
1028 1055 1150 1128 odium,
1161 1055 1403 1134 gaudiumpost
1411 1056 1592 1130 tristitiam,
1605 1059 1745 1121 satieta-

95 1155 237 1217 liaritate
251 1154 305 1216 die
320 1154 496 1232 noctuque,
509 1154 632 1226 tamen,
654 1152 752 1215 extra
767 1167 888 1214 nume-
941 1156 1008 1216 tem
1015 1153 1224 1231 postiamem.
1232 1153 1327 1217 Unde
1336 1173 1346 1215 r
1355 1156 1507 1218 damete
1515 1157 1679 1219 inretitis
1685 1158 1744 1231 qut

96 1266 166 1315 rum
179 1252 362 1314 electorum
372 1252 465 1324 sunt,
481 1265 541 1329 per
554 1265 702 1313 errorem
721 1250 756 1311 et
776 1248 890 1327 pravi·
941 1254 981 1313 tn
990 1251 1136 1314 trtrtttte
1146 1253 1274 1326 mistis
1289 1253 1328 1315 et
1339 1254 1516 1315 sanemini
1528 1256 1571 1316 ab
1583 1250 1745 1316 uberibus

95 1350 191 1413 tatem
207 1347 483 1411 conversationis.
499 1346 545 1410 lit
557 1347 711 1410 tubraci
723 1350 889 1422 reliquias
940 1347 1401 1429 comolettootsvestroesss,
1413 1365 1504 1424 sxrr,
1517 1349 1581 1431 11).
1598 1353 1636 1412 ln
1653 1350 1744 1412 omni

91 1450 269 1511 dimicetis
292 1449 454 1522 molnes
477 1445 756 1523 daemomonem
775 1442 886 1522 (loun.
941 1445 1121 1510 verborum
1132 1446 1283 1509 clausula
1293 1446 1488 1525 jucunditas
1502 1447 1643 1521 exultat,
1658 1464 1745 1525 gau·
1764 1462 1767 1466 ⁴

93 1560 138 1620 rr,
152 1545 209 1621 133
224 1544 341 1606 Matth.
354 1558 426 1617 xrv,
435 1540 504 1624 adt
518 1542 681 1620 Reliquis
692 1542 770 1605 sunt
779 1541 889 1620 spiri·
942 1542 1034 1606 dium
1059 1543 1213 1615 resonat,
1245 1542 1400 1605 hilaritas
1426 1544 1627 1606 cumulatur.
1654 1546 1745 1606 Bene

94 1643 197 1706 tuales
211 1640 454 1718 intelligentiae,
471 1639 645 1702 subtiliora
660 1641 694 1702 et
707 1640 889 1702 secretoria
940 1640 1204 1717 ergodiciturec
1218 1641 1348 1703 Laetare
1360 1641 1547 1704 Jerusalem
1559 1641 1593 1703 et
1604 1656 1746 1704 conven-

91 1740 387 1817 documentaque
401 1736 568 1799 arudibus
575 1736 726 1816 caplnon
736 1737 886 1814 possunt,
942 1739 1012 1801 tum
1026 1737 1126 1801 tacite
1138 1754 1254 1801 omnes
1268 1739 1326 1816 qui
1340 1737 1480 1814 diligitis
1493 1753 1568 1799 eam
1575 1735 1635 1818 (1).
1644 1741 1746 1800 »Om-

90 1852 166 1916 quae
184 1853 252 1898 non
267 1836 345 1898 sunt
361 1835 569 1912 negligenter
580 1834 812 1913 relinquenda,
829 1832 888 1894 sed
933 1852 1001 1901 ¹nes
1013 1837 1072 1914 qui
1087 1835 1232 1912 diligunt
1248 1835 1416 1898 caelestem
1432 1835 1630 1908 Jerusalem,
1645 1835 1742 1909 idest,

94 1951 114 1995 a
133 1933 307 1996 duodecim
320 1931 488 2009 apostolis
503 1933 665 2021 eteorum
680 1930 887 1993 sumessori-
942 1934 1000 2011 qui
1013 1934 1153 2012 eupiunt
1165 1933 1340 2010 pervenire
1359 1931 1401 1993 ad
1419 1931 1578 1994 aternam
1596 1931 1745 1994 beatitu-

90 2030 164 2104 bus,
178 2026 356 2106 diligenter
370 2028 560 2108 querenda.
576 2028 735 2106 cophinis
751 2026 889 2090 servilia
942 2031 1065 2104 dinem,
1090 2029 1210 2092 debent
1233 2029 1275 2091 ad
1295 2029 1475 2092 laetandum
1497 2029 1687 2102 convenire,
1710 2030 1745 2090 et

92 2137 192 2205 opera
204 2123 378 2204 geruntur,
394 2127 428 2188 et
441 2126 601 2188 Dominus
620 2125 753 2187 infirma
771 2123 889 2185 mundi
943 2129 1142 2191 conventum
1165 2126 1287 2199 iacere,
1310 2126 1406 2200 idest,
1429 2125 1550 2188 debent
1568 2141 1643 2187 esse
1664 2141 1747 2188 con-

90 2225 244 2302 elegitut
257 2224 438 2287 conhrndat
458 2224 569 2285 roras.
590 2222 651 2284 vel
666 2222 783 2283 aliter:
800 2223 890 2283 Duo-
942 2224 1061 2287 cordes
1073 2224 1111 2286 in
1125 2223 1190 2285 tide
1203 2223 1369 2285 catholica
1387 2224 1422 2285 et
1434 2222 1521 2285 bono
1538 2238 1649 2301 opere.
1669 2224 1745 2287 Non

87 2321 199 2384 decim
222 2321 358 2398 cophini
386 2320 465 2381 sunt
485 2318 660 2380 duodecim
687 2317 890 2396 apostolici
943 2320 1024 2384 mali
1045 2321 1103 2382 sed
1125 2320 1215 2394 boni,
1236 2336 1304 2383 non
1326 2319 1475 2384 haretici
1495 2320 1553 2383 sed
1573 2320 1744 2393 catholici,

89 2418 155 2480 riri
189 2416 339 2496 perlecti,
368 2417 426 2495 qui
453 2414 633 2493 implentur
666 2416 719 2497 de·
737 2414 887 2493 reliquis,
943 2435 1010 2481 non
1022 2433 1134 2491 osnes,
1153 2417 1214 2479 sed
1229 2432 1320 2480 ores.
1333 2418 1418 2491 Quia
1434 2417 1582 2481 charitas
1599 2418 1654 2480 est
1670 2416 1746 2479 lons

90 2515 189 2588 idest,
204 2513 433 2591 spiritualibus
451 2512 670 2575 sacramentis
685 2528 760 2590 quae
774 2512 889 2590 populi
943 2515 1099 2596 proprius
1120 2516 1175 2577 cui
1196 2530 1263 2576 non
1278 2515 1502 2578 communicat
1517 2514 1659 2576 alienus.
1676 2516 1748 2576 iia·

89 2627 159 2673 non
174 2610 314 2688 possunt
325 2610 508 2683 comedere,
516 2609 612 2682 idest,
619 2609 818 2685 intelligere.
828 2608 888 2673 Vel
942 2613 1107 2689 beatergo
1122 2611 1319 2677 charitatem
1332 2613 1370 2674 ln
1390 2612 1501 2688 corde,
1517 2612 1665 2691 qtrirere
1674 2611 1747 2675 uult

89 2708 268 2770 duodecim
283 2706 417 2784 cophini
434 2708 512 2769 sunt
525 2706 699 2769 duodecim
711 2705 889 2784 Propheta
942 2711 978 2772 in
993 2710 1056 2773 hoc
1069 2711 1234 2773 consentu
1243 2710 1402 2786 madero·

91 2803 148 2882 qui
162 2803 298 2865 ruerunt
318 2804 456 2882 majoris
472 2800 681 2866 auctoritatis
702 2805 736 2866 et
760 2803 889 2865 discre-
953 2868 955 2873 ,
981 2809 1022 2871 st
1034 2808 1104 2870 tres
1119 2807 1302 2870 conventus
1315 2807 1475 2891 debemm
1489 2805 1613 2879 iacere,
1624 2805 1747 2868 rideli-

91 2902 204 2974 tionis,
218 2902 252 2963 et
263 2900 320 2979 qui
330 2916 398 2967 non
411 2901 491 2964 sunt
503 2901 607 2964 locuti
620 2900 813 2975 carnaliter,
829 2899 888 2964 sed
942 2906 995 2969 oet
1006 2921 1081 2967 cum
1092 2902 1287 2968 adversario
1296 2905 1451 2982 primum,
1463 2919 1538 2965 cum
1554 2903 1674 2980 angelo
1686 2918 1745 2964 se·

88 2996 323 3075 spiritualiter.
393 2992 397 3001 '
942 3002 1099 3076 cundum,
1112 3019 1188 3065 cum
1200 3005 1268 3064 Deo
1282 3001 1429 3063 tertium.
1445 3000 1748 3078 sedpropterpro-

943 3101 1107 3163 lixitatem
1122 3099 1325 3178 adpraesens
1341 3098 1536 3159 omittimus.
1555 3096 1746 3159 Notandum

440 3208 535 3297 XIX
941 3197 1094 3275 estquod
1109 3196 1264 3258 cantatur
1281 3194 1381 3256 hodie
1399 3193 1546 3256 officium
1562 3193 1603 3255 de
1615 3193 1746 3264 laetitia,

942 3290 1747 3364 videlieet=‹uatararorusalem‚etconventum

87 3426 336 3496 DOMINICA·
356 3430 560 3506 QUARTA·
587 3459 626 3475 -
646 3426 699 3492 IN
728 3429 889 3493 ROSAM
943 3391 1043 3453 iacite
1057 3406 1171 3453 omnes
1185 3390 1243 3469 qui
1259 3388 1400 3466 diligitis
1414 3404 1500 3462 eam,
1516 3388 1659 3466 gaudete
1671 3404 1747 3452 cum

944 3489 1060 3552 latitia
1075 3488 1132 3567 qui
1151 3488 1188 3549 in
1208 3486 1346 3549 tristitia
1366 3486 1489 3549 ruistis.
1512 3502 1531 3547 >
1551 3486 1615 3548 Sed
1639 3485 1747 3550 tribus

391 3580 591 3645 auhsau
942 3587 985 3648 de
1007 3584 1120 3648 causis
1142 3584 1289 3661 gaudere
1310 3582 1467 3646 debemus
1492 3604 1501 3645 z
1525 3599 1587 3662 pro
1606 3582 1749 3646 subver-

942 3684 1038 3746 sione
1060 3681 1196 3756 diabcli‚
1217 3696 1277 3759 pm
1295 3681 1404 3759 gloria
1427 3680 1499 3754 Dei,
1526 3695 1586 3759 pro
1607 3696 1749 3759 repara·

128 3785 301 3849 Hodierna
314 3784 369 3846 die
391 3785 563 3847 Romanus
578 3781 733 3846 Pontifex
747 3796 891 3845 censue·
941 3781 1034 3844 tione
1046 3779 1179 3857 generis
1191 3779 1340 3841 humani.
1357 3781 1423 3841 Pro
1438 3777 1655 3841 subversione
1672 3778 1749 3841 dia-

88 3885 139 3947 uit
152 3888 276 3947 Rosam
288 3894 425 3945 auream
439 3883 475 3942 in
489 3897 591 3943 manu
606 3880 752 3959 portare.
771 3882 808 3942 In
823 3896 888 3959 qua
942 3878 1026 3952 boli,
1047 3879 1125 3957 qnia
1146 3877 1333 3940 destructus
1354 3876 1406 3938 est
1422 3872 1575 3937 diabolus
1594 3891 1655 3952 per
1668 3890 1748 3937 cru·

92 3982 198 4058 primo
213 3979 426 4043 considerare
438 3978 595 4041 debemus
608 3980 750 4056 tempus,
764 3978 887 4047 locum,
943 3993 1015 4039 cem
1025 3975 1159 4039 Christi.
1171 3978 1236 4037 Pro
1247 3974 1354 4050 gloria
1364 3973 1441 4048 Dei3
1452 3971 1747 4050 quiagloriilcatur

92 4078 126 4140 et
149 4093 339 4156 personam.
361 4079 516 4153 Tempus,
539 4075 617 4154 quia
641 4076 692 4138 est
714 4076 751 4137 in
778 4075 887 4137 media
942 4076 1032 4136 Deus
1055 4071 1186 4150 quando
1205 4070 1362 4133 landatm·
1377 4068 1419 4130 ah
1437 4069 1566 4145 angelis
1588 4068 1622 4131 et
1635 4067 1747 4129 homi·

95 4175 369 4252 Quadragesima3
384 4175 505 4246 locum,
520 4174 599 4251 quia
613 4173 649 4233 in
664 4173 891 4235 Sanctaleru·
944 4169 1054 4232 nibus.
1088 4172 1154 4231 Pro
1184 4167 1397 4245 reparatione
1424 4165 1557 4243 generis
1589 4165 1746 4240 humani,

92 4273 212 4350 salem;
233 4288 422 4352 personam,
440 4271 519 4350 quia
535 4270 587 4332 est
603 4272 758 4331 Summus
772 4269 891 4331 Ponti·
944 4267 1023 4346 quia
1042 4266 1236 4328 reducimur
1261 4279 1322 4343 per
1345 4264 1513 4324 Christum
1539 4262 1581 4324 ad
1605 4258 1747 4339 paradi·

92 4368 157 4445 tex,
200 4386 375 4434 successor
411 4367 533 4441 Petri,
560 4367 594 4430 et
626 4354 780 4429 ¹vicarius
810 4369 890 4429 Jesu
943 4380 1029 4427 sum.
1816 4436 1817 4439 Ἴ

93 4468 216 4531 christi
249 4468 306 4547 qui
334 4468 386 4531 est
408 4469 481 4529 Rex
509 4479 643 4541 regum,
671 4465 703 4526 et
730 4463 890 4526 Dominus
983 4461 1122 4524 narare
1135 4461 1328 4522 Jerusalem
1333 4497 1395 4518 .....
1410 4455 1501 4518 Istud
1519 4454 1666 4519 cilicium
1682 4454 1748 4519 hc·

92 4564 351 4638 dominantium,
372 4564 430 4644 qui
449 4562 658 4640 significatur
675 4577 737 4638 per
753 4564 889 4624 Rosam.
944 4559 999 4622 die
1021 4558 1176 4621 cantatur
1191 4554 1277 4635 quod
1295 4555 1347 4617 est
1361 4553 1402 4616 de
1420 4553 1549 4627 latitia,
1571 4555 1605 4616 et
1626 4553 1661 4615 in
1679 4553 1748 4618 alia

88 4664 234 4741 Tempus
249 4662 526 4725 considerandum
548 4661 611 4734 est,
635 4660 714 4736 quia
735 4660 813 4722 talis
835 4674 892 4722 so-
946 4657 1113 4719 dominiea
1127 4653 1317 4717 cantabitur
1332 4652 1373 4714 de
1387 4651 1544 4730 passione
1560 4652 1593 4714 et
1608 4651 1649 4713 de
1662 4651 1748 4715 tris·

92 4757 249 4824 lemnitas
267 4759 420 4822 ordinata
435 4758 498 4821 fuit
516 4758 648 4821 abesto
672 4757 834 4834 Gregorio
855 4756 891 4819 in
944 4756 1031 4818 titia.
1055 4755 1096 4817 m
1113 4754 1187 4815 haeo
1204 4752 1256 4814 est
1278 4765 1380 4812 causa
1394 4766 1469 4829 quae
1482 4750 1576 4828 prius
1594 4751 1750 4814 cantatur

87 4856 261 4921 ‘dominica
292 4857 411 4920 mediae
440 4856 731 4933 Quadragesimae,
760 4870 821 4933 pro
851 4870 891 4917 eo
944 4853 987 4915 de
1002 4851 1131 4920 laetitia,
1146 4865 1244 4928 quam
1256 4849 1298 4910 de
1306 4848 1454 4920 tristitia,
1468 4847 1546 4926 quia
1557 4851 1646 4910 Deus
1655 4849 1748 4927 prius

88 4951 178 5028 sqtrod
211 4951 394 5013 humanum
426 4964 566 5029 corpus,
602 4951 810 5028 suppositum
840 4953 893 5015 est
946 4949 1128 5014 laetitlcavit
1150 4948 1282 5010 sanctos
1303 4961 1382 5008 suos
1402 4946 1444 5007 de
1465 4962 1524 5023 spe
1545 4947 1679 5008 aeternas
1692 4962 1750 5007 re-

93 5049 206 5111 multie
233 5048 495 5122 infirmitatibus,
520 5047 707 5119 laboribus,
733 5049 893 5112 tentatio-
944 5048 1137 5113 tributionis
1153 5060 1253 5125 quam
1269 5044 1457 5107 sustineant
1469 5045 1617 5122 aliquam
1636 5043 1748 5105 tribu-

89 5144 202 5220 -nibus,
230 5146 512 5209 tribulationibus.
536 5146 672 5209 ntideo
694 5161 762 5208 non
784 5147 894 5224 potest
946 5132 1105 5210 lationem
1136 5144 1313 5223 passionis.
1345 5142 1440 5206 Unde
1468 5143 1504 5203 in
1531 5139 1746 5217 Evangelio:

94 5242 152 5304 diu
173 5244 340 5309 sustinere
360 5244 493 5306 labores
511 5243 730 5322 jejuniorum,
757 5243 894 5320 vigilia·
947 5244 1099 5309 Gaudete
1107 5243 1142 5307 et
1151 5242 1307 5306 exultete
1315 5243 1479 5317 deontom
1487 5252 1621 5300 meroes
1629 5237 1749 5299 vestra

95 5354 168 5403 rum
182 5342 216 5403 et
226 5342 370 5404 aliarum
381 5341 600 5404 afflictionum
612 5340 678 5402 nisi
688 5340 894 5404 refocilletur
945 5346 1084 5422 copioso
1103 5342 1156 5405 est
1169 5343 1207 5404 tn
1220 5343 1316 5404 coelis
1333 5336 1479 5418 (Matth,
1499 5349 1533 5407 v,
1555 5332 1619 5413 12).
1640 5335 1749 5411 liujus

90 5454 155 5514 ¹per
166 5438 302 5518 aliquod
316 5439 487 5517 gaudium,
502 5437 589 5513 siout
600 5438 894 5502 diciturzelnter-
1210 5477 1214 5485 -
1355 5472 1365 5494 ι

95 5551 114 5593 a
136 5552 223 5614 pone
237 5536 305 5600 tuis
316 5536 480 5602 interdum
492 5535 613 5612 gaudia
629 5535 729 5601 curis.
746 5536 912 5602 Gaudete,
984 5545 1026 5622 (l)
1046 5546 1126 5605 llius.
1143 5544 1227 5604 Rom
1247 5544 1330 5601 hom.
1353 5538 1394 5599 ill
1413 5535 1486 5598 Λᾶν.
1506 5542 1536 5596 el
1550 5536 1590 5598 iil
1603 5536 1747 5614 (lundras.
