3936 6182
68 277 139 348 eol.

68 442 121 493 tur
134 433 297 509 gratiarnm
308 431 535 505 delectamentis,
546 441 577 493 ιιι
591 432 736 495 dulcescat
749 436 777 494 ei
795 434 875 510 quid·

70 531 145 604 quid
161 547 178 589 a
197 529 311 591 Christo
324 532 488 606 percipitur,
498 539 532 603 et¹
545 540 641 607 spcret
654 532 791 608 quidquid
806 547 871 607 pro·

73 629 209 687 mittitur.
220 651 232 680 r
244 631 332 702 Ergo,
343 645 393 702 per
402 629 573 688 infusionem
584 631 753 704 gratiarnm,
768 630 874 704 duplici

74 727 167 785 modo
182 727 301 800 expulsa
315 708 478 801 ignorantia
491 727 558 786 dum
574 729 669 787 anima
688 750 700 779 ι
715 726 845 802 percipit,
860 750 871 779 a

73 824 146 883 dum
164 824 399 898 promissaquesi
416 824 640 898 «apprehendit.
659 846 671 874 ι

108 923 196 980 Nunc
216 919 365 980 sciendum
388 930 517 980 remanet
540 923 662 994 qualiter
685 922 717 982 ilt
742 922 874 981 remissio

72 1019 252 1078 infirmitatis
265 1027 384 1092 quaeest
397 1020 480 1077 tertie
494 1034 581 1078 causa
599 1019 734 1094 baptismi
751 1028 781 1078 et
797 1019 874 1078 idern

72 1124 164 1177 sonet
185 1131 220 1175 ac
248 1116 367 1189 aperitio
390 1117 538 1176 coelomm.
564 1138 575 1168 ι
599 1116 806 1191 Quadripertita
829 1124 875 1176 est

74 1215 171 1289 gretie
186 1214 249 1284 liei,
263 1215 304 1272 ait
327 1214 480 1273 Honorius.
504 1215 598 1273 Prima
620 1222 664 1273 est
677 1230 810 1289 operans,
826 1230 879 1274 se·.

74 1311 171 1370 made
186 1326 354 1385 cooperans,
370 1312 453 1371 tertia
465 1312 650 1384 confirmans,
667 1321 767 1386 quarta
780 1328 874 1372 remu·

74 1424 194 1467 ncrans.
220 1411 275 1468 Per
298 1409 420 1482 primam
445 1410 604 1483 apeccatis
627 1411 806 1481 revertimur,
824 1425 876 1485 per

74 1507 236 1566 secundm
253 1507 304 1564 Dei
320 1505 465 1580 adiutores
478 1506 628 1578 allicimur,
645 1523 696 1582 per
711 1508 823 1566 tertiam
845 1508 875 1566 in

74 1604 154 1663 bono
178 1620 266 1678 opere
284 1605 489 1663 oonssrmamur
505 1603 556 1681 [ite
575 1613 607 1664 ut
625 1605 686 1679 jara
707 1620 764 1663 noa
785 1606 877 1666 simus

75 1701 210 1777 iullrmi],
232 1718 283 1776 per
304 1710 435 1776 quartam
458 1703 487 1761 in
511 1710 649 1762 sternam
670 1702 875 1769 beatitudinem

75 1814 307 1870 remuneramur,
324 1799 360 1858 ad
376 1801 460 1874 regui
477 1801 603 1859 caelestis
622 1802 810 1874 aperitionem
824 1801 876 1876 (sie

77 1896 250 1972 lapsurum).
275 1899 354 1958 Siout
383 1898 508 1972 legimus
530 1899 560 1957 ia
590 1899 766 1973 Evangelio,
799 1899 875 1973 quod

74 1994 221 2068 baptizato
235 1997 358 2066 Domino
368 1996 433 2055 coeli
445 1996 535 2070 aperti
545 1997 603 2055 sint
615 2012 701 2071 super
715 2012 792 2069 eum,
801 2001 872 2056 Eze-

75 2091 165 2153 chieli
180 2108 305 2166 quoque,
322 2094 402 2167 Juxta
417 2093 546 2164 linaium,
562 2094 626 2152 coeii
644 2095 735 2168 aperti
752 2102 830 2166 sunt,
844 2101 877 2153 ut

75 2189 184 2248 talibus
199 2192 340 2264 exemplis
354 2191 552 2250 ostenderetur
561 2196 651 2266 regna
666 2192 792 2252 coelestia
803 2193 875 2267 bap·

74 2287 172 2345 tizatis
187 2296 285 2361 aperta
302 2303 376 2346 esse.
400 2311 412 2338 ι

110 2386 217 2443 Omnis
230 2387 277 2442 illa
290 2384 326 2442 de
340 2385 442 2458 triplici
457 2399 544 2443 cause
568 2384 704 2458 baptismi
723 2384 878 2460 disputatio

77 2498 138 2541 non
155 2491 202 2540 est
215 2478 301 2540 laude
314 2481 445 2555 indigna,
458 2489 518 2540 turn
538 2490 653 2557 propter
666 2487 819 2551 sermonis,
829 2500 876 2544 or·

79 2580 198 2648 dinem,
214 2587 274 2638 tum
293 2586 409 2653 propter
429 2580 610 2654 perspicuam
629 2582 799 2653 claritatem,
817 2590 878 2642 tum

76 2682 201 2751 propter
222 2676 406 2748 soliditatem,
425 2684 612 2752 tumpropter
633 2679 790 2738 oratorium
814 2695 875 2738 me·

76 2773 160 2831 dum.

113 2868 196 2941 Quod
219 2876 264 2928 est
287 2870 371 2928 tertio
392 2870 639 2943 attendendam«
664 2879 877 2932 tenementum

79 2967 196 3043 triplex,
210 2968 277 3040 quia
291 2967 320 3024 in
333 2983 418 3043 aqua,
432 2969 497 3028 oleo
511 2977 541 3027 et
554 2971 633 3044 igne.
647 2992 659 3022 s
672 2969 743 3029 illud
755 2985 874 3045 respon·

79 3064 127 3123 det
140 3080 169 3138 q.
181 3067 225 3134 il,
241 3070 314 3138 pert.
328 3068 379 3135 ill,
393 3064 468 3139 apud
487 3065 673 3125 &rhomam
687 3085 695 3126 :
709 3069 751 3125 lie
766 3083 875 3142 prepa-

80 3163 197 3221 ratoriis
210 3169 239 3220 et
257 3178 321 3236 quie
341 3163 426 3221 simul
444 3170 618 3235 concurrunt
636 3179 701 3223 cum
722 3163 875 3239 baptismo.

80 3258 157 3320 ilihil
171 3267 309 3333 praeterea
323 3258 360 3317 de
373 3263 519 3331 unctione,
534 3261 580 3319 vei
595 3260 631 3319 de
641 3262 820 3333 exorcismis,
831 3264 878 3321 vel

80 3357 116 3415 de
128 3357 192 3428 ique
202 3373 250 3415 scu
260 3359 294 3415 dc
306 3358 444 3428 candelis,
459 3358 604 3417 Honorius
619 3359 753 3430 loquitur.
773 3359 828 3418 Sed
841 3358 878 3417 da

79 3454 217 3527 mptisme
237 3455 269 3512 in
286 3456 351 3528 ipos
368 3455 443 3513 inter
465 3455 577 3528 species
596 3455 731 3529 baptismi
746 3455 878 3529 quedam

81 3550 177 3621 habat,
194 3551 242 3609 ubi
255 3551 365 3623 dicetur
378 3550 462 3610 inire.

113 3649 308 3718 Quorumdam
330 3664 443 3707 errores
470 3648 546 3707 circe
568 3647 702 3722 baptismi
727 3650 878 3709 materiem

79 3745 206 3821 perbelle
218 3747 384 3821 perstringit
399 3745 529 3816 schram,
545 3761 572 3805 c.
591 3761 651 3819 xre,
670 3757 703 3806 ιι1
724 3748 788 3819 936,
804 3749 876 3807 lust.

79 3845 162 3902 theol.
175 3861 185 3901 :
199 3845 313 3917 Aquam
328 3846 358 3903 in
367 3843 511 3919 baptismo
526 3843 687 3917 reiecerunt
700 3844 877 3917 Aseodrute,

79 3941 247 4001 Archontiei
262 3942 411 4016 etCaJaui,
426 3949 499 4000 testa
519 3944 645 4014 irene03
667 3942 735 4001 item
757 3944 876 4013 Quintil-

79 4039 158 4111 liani,
173 4041 244 4097 item
270 4039 421 4099 Manichaei
448 4046 477 4097 et
507 4039 680 4110 Publiciani,
703 4046 732 4098 et
749 4041 879 4099 nonnulii

79 4137 262 4206 waldenses,
286 4137 334 4211 qui
351 4137 448 4211 ignem
471 4152 525 4210 pro
540 4139 660 4195 materia
671 4135 807 4211 baptismi
826 4138 876 4195 ad·

79 4233 428 4307 hibebnn13Herminiani
451 4233 602 4292 umbilicos
620 4233 771 4293 infantium
797 4250 876 4293 cnm·

79 4331 231 4404 herebant,
248 4339 320 4390 teste
334 4331 504 4403 Philastri03
522 4330 645 4401 cathari,
662 4337 735 4389 teste
753 4331 879 4405 Egberto

78 4431 238 4501 Bttuneusi,
250 4431 330 4504 Copti
341 4430 429 4487 etiarn
442 4429 550 4504 ignitas
565 4443 666 4486 eruces
678 4426 803 4487 brachiis
813 4429 878 4486 inu·

78 4527 196 4598 rebant;
212 4527 405 4602 Flagaliantes
420 4525 557 4584 dicebant
570 4539 805 4598 unumquemque
830 4540 881 4599 per

78 4625 228 4701 proprium
243 4625 417 4699 sanguinem
439 4623 564 4698 flagellis
589 4636 757 4696 expressum
784 4620 877 4695 bapti·

78 4725 137 4783 zeri
167 4721 286 4795 debere3
309 4722 357 4780 alii
385 4721 523 4791 heretici,
547 4720 576 4777 in
604 4735 674 4778 casu
700 4719 880 4781 necessitatis

79 4821 221 4896 liquorem
233 4819 389 4894 quemlibet
404 4817 535 4876 sullleere
543 4832 552 4890 ;
565 4818 640 4876 circa
652 4832 719 4875 ann.
729 4817 791 4888 iiii,
805 4831 878 4876 non·

80 4919 152 4977 nulli
167 4919 196 4976 in
220 4918 282 4975 seio
305 4918 372 4975 vino
393 4914 590 4992 baptizabant3
613 4914 641 4972 in
656 4915 813 4989 Norwegie
826 4913 878 4973 ali·

82 5017 141 5089 qui,
167 5015 197 5073 in
216 5013 329 5073 deiectu
348 5029 440 5088 eque,
465 5013 494 5070 in
519 5012 659 5071 cerevisia
682 5010 880 5086 baptizabeut;

639 274 839 340 nontrnnr
860 276 915 337 an
937 272 1170 355 munchen.

1669 279 1731 340 602

966 432 1052 490 ‹lles
1072 431 1246 491 recrementi
1265 427 1326 505 [elii
1338 429 1471 491 ellectum
1487 430 1604 507 nocent]
1622 430 1728 509 irretiti·

927 530 1003 587 cetis
1025 535 1070 588 est
1089 529 1225 599 hominis,
1246 537 1305 587 tam
1324 529 1482 600 exterioris,
1502 544 1567 602 quse
1580 530 1610 601 iq
1625 530 1730 603 triplici
1814 511 1827 524 '⁴

928 626 1126 701 praedictorum
1164 634 1346 700 peccalorum
1381 627 1550 685 remissione
1584 627 1730 697 consistit,

928 728 1014 787 quem
1036 715 1189 785 interioris,
1205 730 1269 789 que
1288 716 1316 772 in
1338 715 1439 789 triplici
1459 722 1572 773 coastat
1592 715 1732 773 virtutum

928 811 1095 886 suceptione
1109 810 1137 869 id
1152 810 1287 882 astituat,
1305 813 1367 886 spei
1377 820 1406 870 et
1419 812 1577 871 charitatis.
1593 834 1604 863 ι
1619 814 1732 886 Nempe

928 908 1061 982 intelligit
1071 916 1276 982 perpeccatum
1286 909 1426 983 originale
1437 907 1583 967 hominem
1592 890 1736 968 essealiess

929 1020 997 1063 num
1008 1020 1024 1063 e
1035 1007 1105 1075 beo,
1118 1011 1147 1061 et
1158 1002 1205 1061 hie
1217 1010 1261 1061 est
1270 1002 1398 1061 deiectus
1409 1004 1555 1064 relationis
1570 1008 1729 1066 exterioris

929 1105 982 1162 Per
998 1102 1200 1176 ignorantiam,
1216 1102 1322 1176 pariter
1334 1099 1421 1158 homo
1436 1107 1480 1159 est
1494 1103 1604 1162 alienus
1619 1119 1634 1161 a
1648 1104 1737 1164 rebus

928 1199 1044 1270 divinis,
1059 1214 1131 1273 quas
1148 1200 1249 1270 nescit,
1263 1206 1292 1256 et
1306 1198 1353 1255 hic
1368 1206 1413 1256 est
1427 1214 1540 1272 quoque
1560 1198 1689 1259 delectus
1703 1202 1733 1258 in

929 1298 1067 1357 relatione
1085 1298 1230 1356 exteriori.
1246 1298 1300 1355 Per
1312 1295 1516 1367 infirmitatem,
1533 1313 1631 1356 rursus
1647 1297 1734 1357 homo

929 1386 1109 1444 constituitur
1128 1387 1239 1444 alienus
1261 1400 1277 1443 a
1301 1385 1403 1443 mediis
1427 1385 1608 1457 adhibendis,
1630 1386 1734 1461 quibus

930 1483 1017 1542 linem
1038 1483 1093 1542 sibi
1114 1485 1290 1557 propesitum
1315 1490 1529 1556 assequeretur,
1553 1491 1582 1541 et
1605 1480 1734 1542 delectus

930 1582 1019 1640 etiem
1047 1581 1260 1639 dentonstratur
1286 1581 1432 1638 relationis
1465 1582 1623 1640 exterioris.
1653 1580 1734 1641 Unde

930 1679 983 1737 iste
1013 1677 1139 1737 hominis
1161 1676 1326 1753 justiiicstio
1354 1679 1491 1748 exterior,
1518 1693 1576 1736 non
1602 1686 1646 1736 est
1670 1694 1735 1753 ques

931 1783 1042 1834 tantum
1068 1777 1237 1849 imputatur,
1262 1775 1345 1848 quasi
1365 1789 1424 1832 uon
1443 1783 1519 1832 esset
1546 1775 1575 1832 in
1606 1775 1733 1844 homine,

929 1872 981 1931 sed
1003 1888 1067 1947 quae
1089 1872 1125 1930 ed
1143 1873 1297 1931 relationes
1319 1873 1442 1944 pertinet
1458 1874 1520 1929 sive
1540 1886 1610 1947 erga
1630 1875 1733 1944 Deum,

929 1972 991 2029 sive
1017 1985 1087 2045 erga
1116 1985 1162 2028 res
1191 1969 1317 2039 divinas,
1338 1969 1401 2027 sive
1430 1984 1500 2043 erga
1528 1968 1634 2027 media.
1662 1991 1673 2022 ι
1698 1972 1734 2029 Ει

930 2069 1006 2126 illius
1027 2067 1152 2142 quidem,
1169 2068 1272 2141 inquit,
1296 2065 1338 2141 [id
1359 2075 1403 2124 est
1420 2065 1633 2143 justillcatioais
1653 2073 1732 2124 exte·

930 2166 1026 2241 rioris]
1046 2166 1158 2223 visibile
1172 2172 1385 2222 sacramentum
1400 2170 1445 2221 est
1458 2178 1556 2222 censa.
1572 2187 1584 2215 »
1600 2165 1736 2237 Superius

931 2261 1001 2321 dixit
1012 2261 1048 2320 de
1062 2277 1149 2320 causa
1163 2261 1306 2335 baptismi,
1318 2260 1365 2318 hic
1377 2260 1414 2319 de
1423 2258 1511 2318 cause
1522 2261 1734 2335 justificationis

931 2360 1090 2441 exterioris.
1109 2361 1209 2433 Neque
1223 2357 1398 2417 conlaudare
1419 2357 1517 2417 debes.
1534 2381 1546 2410 ι
1564 2358 1650 2419 istius
1667 2374 1736 2418 vero

935 2456 978 2532 [id
995 2466 1039 2517 est
1052 2457 1265 2533 justificationis
1286 2448 1444 2532 interioris]
1460 2466 1673 2516 sacramentum
1692 2463 1738 2545 est

932 2556 1060 2631 siguum,
1073 2556 1263 2630 suscipiende
1272 2554 1387 2629 quidem
1402 2554 1433 2612 in
1447 2556 1582 2628 parvulis,
1591 2556 1651 2630 jem
1667 2572 1735 2615 vero

932 2661 1073 2728 suscepte
1094 2656 1123 2711 in
1139 2654 1252 2712 adultis.
1269 2655 1316 2713 Sic
1334 2654 1514 2713 circumcisio
1534 2653 1658 2714 Abrahae
1672 2656 1732 2730 sig·

932 2752 1067 2811 naculum
1082 2758 1144 2810 crat
1155 2751 1273 2826 justitiae
1285 2752 1344 2826 jam
1360 2767 1395 2809 ex
1411 2751 1467 2810 ilde
1481 2760 1633 2826 suscepte.
1650 2775 1661 2804 s
1734 2736 1738 2747 '

967 2850 1100 2923 Sequitur
1122 2857 1242 2908 venusta
1267 2856 1296 2908 ιι
1321 2848 1417 2907 brevis
1441 2849 1589 2925 allegoria.
1615 2850 1736 2909 «Fides

931 2946 1004 3006 sicut
1018 2947 1105 3020 piscis
1117 2948 1146 3005 in
1161 2949 1244 3025 aquis
1257 2947 1393 3022 baptismi
1407 2949 1538 3009 nutritur.
1554 2949 1626 3022 Spes
1640 2947 1677 3006 ad
1690 2964 1736 3008 su·

931 3059 1020 3120 perna
1048 3044 1156 3116 evolat,
1180 3046 1254 3105 sicut
1281 3045 1376 3103 oleum
1403 3053 1580 3119 supernatat.
1605 3045 1736 3105 Charites

930 3144 1005 3201 sicut
1017 3142 1094 3217 ignis
1109 3142 1249 3200 accendit.
1270 3164 1281 3193 ι
1296 3144 1370 3201 Nam
1384 3141 1417 3199 ln
1431 3141 1477 3200 his
1491 3142 1591 3213 tribus,
1607 3143 1636 3200 in
1648 3131 1734 3216 aqna,

931 3241 996 3298 oleo
1007 3247 1037 3297 et
1050 3241 1129 3314 igne,
1143 3246 1188 3297 est
1198 3246 1422 3309 sacramentum,
1437 3246 1470 3297 ιιι
1483 3246 1567 3298 antea
1582 3237 1663 3297 dixit.

967 3337 1074 3395 Omnes
1106 3343 1212 3394 norunt
1244 3328 1344 3410 primis
1376 3335 1514 3394 Ecclesiae
1543 3338 1666 3408 seculis,
1697 3338 1737 3396 ait

933 3433 1096 3507 Schouppe‚
1111 3433 1284 3507 baptismum
1303 3432 1464 3507 frequenter
1483 3435 1600 3509 ligurari
1613 3450 1664 3510 per
1675 3436 1736 3513 pls2

932 3532 1028 3589 cinam
1042 3547 1094 3589 seu
1113 3531 1268 3601 vivarium,
1285 3532 1332 3589 uhi
1348 3530 1491 3603 Christus,
1507 3532 1645 3607 mysticus
1658 3527 1736 3600 lpse.

933 3644 985 3708 seu
998 3629 1095 3702 piscis,
1108 3644 1175 3687 cum
1190 3628 1323 3688 omnibus
1337 3620 1467 3689 ilde'libus
1481 3622 1617 3705 tanquam
1632 3619 1736 3701 in'ele·‚

933 3734 1031 3786 mento
1044 3741 1098 3785 suo
1112 3726 1262 3786 habitaret.
1275 3730 1325 3786 list
1337 3729 1415 3786 enim
1430 3726 1498 3797 lpide
1511 3729 1679 3788 acrostichis
1690 3744 1738 3789 vo

932 3824 1098 3884 cabalorum
1106 3836 1203 3896 ’Inscite
1214 3836 1379 3902 perceleriter]
1391 3837 1441 3895 ὑιὸς
1451 3839 1546 3905 bassim,
1555 3829 1639 3887 lesus
1646 3826 1739 3888 Chiis·

933 3925 1046 4007 tusliei
1062 3924 1151 3983 Filius
1166 3925 1305 3984 Salvator.
1322 3927 1358 3983 Et
1371 3925 1561 3985 Tertullianus
1573 3924 1644 3985 dicit
1656 3942 1664 3984 :
1677 3928 1738 3986 Noa

933 4021 1065 4096 pisciculi
1076 4020 1235 4081 secundum
1247 4034 1316 4098 ιχιιν
1332 4030 1461 4081 nostrum
1471 4025 1571 4085 lesum
1581 4021 1736 4108 Christum,

933 4120 963 4178 ia
980 4134 1054 4193 nque
1076 4120 1232 4190 nascimur,
1254 4134 1309 4178 nee
1328 4120 1409 4178 aliter
1429 4098 1517 4193 quam
1531 4120 1561 4177 iu
1575 4134 1651 4194 aqua
1670 4134 1736 4195 par·‚

933 4216 1078 4275 manendo
1094 4216 1166 4274 salvi
1177 4230 1286 4274 sunaus.
1721 4202 1737 4295 '³

970 4314 1107 4383 Quartum
1119 4312 1324 4371 attendendum
1341 4313 1372 4371 in
1384 4312 1538 4387 baptismo,
1549 4328 1607 4371 nnn
1620 4321 1666 4373 est
1679 4316 1737 4375 nisi

934 4411 1036 4469 lernae.
1054 4411 1096 4470 De
1119 4423 1190 4483 que,
1214 4409 1277 4467 hec
1293 4410 1473 4467 solummodo
1489 4427 1496 4467 :
1513 4430 1525 4460 ι
1543 4411 1663 4482 Forma3
1681 4412 1735 4470 ista

934 4514 1002 4567 sunt
1019 4498 1127 4566 verbe:
1149 4509 1213 4581 Ego
1233 4504 1345 4579 baptizo
1363 4513 1392 4563 te
1411 4505 1572 4564 innomine
1587 4507 1739 4578 Putris,et
1812 4508 1816 4515 ’

936 4588 1060 4676 lilibet
1080 4603 1204 4679 Spiritus
1227 4603 1335 4674 Sancti,
1350 4603 1397 4662 vel
1417 4617 1469 4662 sue
1490 4604 1691 4679 aequipotentia
1706 4607 1736 4687 in

935 4705 1146 4778 adelingus.»

937 4870 942 4875 ,
971 4803 1087 4862 Sextum
1098 4799 1302 4860 attendendum
1312 4806 1357 4858 est
1366 4799 1478 4859 modus.
1488 4800 1546 4860 Sub
1555 4817 1611 4874 quo
1620 4803 1738 4862 nomine

935 4900 970 4961 de
983 4900 1113 4959 ministro
1125 4898 1299 4958 sacramenti
1316 4898 1386 4973 agit.
1407 4919 1418 4948 ι
1438 4897 1540 4958 bladus
1553 4888 1737 4971 adrninistra{

936 4999 1021 5058 tionis
1042 4997 1145 5071 triplex
1152 5012 1163 5069 3
1189 4997 1262 5055 elius
1287 4995 1447 5055 secundum
1470 4995 1604 5070 baptismi
1626 4999 1738 5056 institu-

81 5113 227 5183 iiarcosii,
243 5113 326 5171 Secta
341 5113 552 5181 Gnosticorum,
567 5117 640 5168 teste
656 5109 686 5168 S.
706 5107 879 5183 Epiphanio,
935 5097 1043 5157 tionem
1057 5095 1106 5169 qui
1127 5093 1162 5152 ad
1182 5093 1260 5152 soles
1283 5093 1464 5165 sacerdotem
1484 5094 1558 5152 alius
1578 5094 1739 5159 meandum

81 5212 179 5271 oleum
195 5225 269 5283 aqua
284 5217 484 5284 temperatum,
504 5215 533 5267 et
557 5204 697 5278 nonnulli,
727 5213 799 5265 teste
819 5208 878 5282 Eg·
935 5193 1148 5262 111111111111,
1169 5197 1198 5250 11
1218 5190 1303 5264 11111111
1318 5192 1524 5266 1111111111
1539 5190 1633 5265 111111
1648 5191 1738 5249 111111

81 5309 164 5369 herio
178 5307 354 5368 Ebot-acensi
374 5307 475 5380 episc„
499 5320 605 5380 equam
623 5304 691 5362 vino
713 5305 831 5362 mixtam
851 5304 881 5361 in
936 5293 1099 5351 ministrant
1121 5287 1329 5360 sacerdotibus,
1351 5288 1419 5347 inde
1438 5285 1474 5346 ad
1492 5296 1612 5347 ceteros
1635 5301 1738 5346 omnes

82 5406 225 5482 baptismo
236 5404 420 5464 adhibebant.
432 5405 501 5463 Haec
509 5418 560 5477 pro
572 5401 750 5462 curiosiusia
760 5401 840 5459 omni
849 5415 882 5460 re
936 5392 1068 5466 1111111111·
1092 5411 1103 5441 ⁸
1128 5389 1166 5463 Al
1188 5384 1738 5463 611111111111111111111111111111

83 5503 306 5580 inquirentibus,
333 5501 416 5562 etad
436 5501 547 5561 aurium
574 5499 794 5559 delectationem
822 5506 879 5559 tre·
936 5502 1023 5564 qaam
1045 5488 1129 5563 paulo
1148 5484 1221 5544 inira
1242 5484 1407 5544 cumomni
1425 5482 1573 5555 diligentie
1591 5481 1736 5555 expendit.

85 5602 235 5676 (ψήφῳ
252 5602 287 5661 ad
303 5601 460 5662 liopertum
474 5614 542 5660 vero
556 5598 809 5674 temtaverimus,
936 5590 1036 5647 Totam
1053 5584 1276 5659 bancpaginam
1286 5579 1517 5641 sineoiiensione
1528 5579 1556 5638 ia
1573 5580 1629 5638 alio
1641 5579 1738 5679 aliquo
