3980 6198
822 242 998 305 HONORII
1021 241 1065 303 111
1088 245 1237 309 OPERA.
1803 252 1868 313 256

213 251 274 311 255

1067 405 1096 466 si
1104 406 1417 483 percontessionem
1428 408 1535 486 ipsius
1545 409 1868 488 presbyterisactam

1066 520 1178 567 coram
1194 506 1345 568 auditore
1361 507 1520 584 predicto
1532 509 1684 570 constitit
1698 509 1865 571 Salmant.

1067 603 1244 665 ecclesiam
1266 603 1390 667 babere
1404 608 1531 668 certum
1546 607 1787 668 canonicorum
1802 624 1870 668 nu-

1068 718 1195 763 merum
1209 704 1403 779 Juramento
1415 704 1602 777 firmatum,
1618 707 1652 766 et
1671 704 1869 782 hujusmodi

1068 800 1298 877 exceptionem
1313 801 1419 863 luisse
1434 802 1639 880 propositam
1654 818 1769 866 coram
1785 819 1871 865 exa-

256 874 385 937 Dilecto
398 874 434 934 F.
450 874 486 933 G.
496 870 671 948 capellano
683 870 811 940 nostro,
823 870 861 928 D.
879 866 1014 945 presby·
1067 896 1238 960 moribus
1254 899 1468 975 supradictis,
1483 903 1515 962 et
1529 900 1630 963 etiam
1646 900 1734 977 quod
1751 902 1871 979 appel,

217 977 300 1045 tero,
315 972 348 1033 et
365 973 395 1034 J.
418 968 577 1046 episcopi,
593 970 627 1029 et
641 971 677 1028 G.
696 967 834 1044 capituli
849 966 1010 1027 Salmant.
1069 997 1172 1057 latum
1196 997 1326 1059 emim
1352 996 1394 1059 ab
1417 997 1564 1071 eisdem
1580 998 1660 1076 quia
1671 1001 1787 1061 tamen
1800 1016 1870 1060 non

217 1067 488 1149 procuratoribus
511 1083 530 1128 a
553 1064 648 1126 nobis
665 1064 817 1126 auditore
840 1078 1012 1134 concesso,
1068 1093 1203 1156 constiti

217 1169 414 1246 procurator
428 1164 566 1242 capituli
577 1178 636 1241 pro
648 1178 684 1222 se
695 1163 955 1239 etprocuratore
967 1160 1015 1238 ip·
1069 1190 1158 1252 modi
1190 1207 1257 1253 non
1286 1192 1484 1266 admissam,
1510 1193 1654 1256 aliamve
1681 1194 1869 1271 legitimam

218 1267 289 1326 sius
300 1258 903 1341 episcopiproposuitcoramco,quod
914 1274 1014 1336 quum
1069 1305 1206 1350 causam
1219 1289 1321 1352 suerit
1334 1291 1551 1369 appellatum,
1567 1291 1649 1354 disc·
1666 1309 1700 1353 V·
1717 1309 1764 1354 m.
1782 1309 1869 1370 qua·

215 453 361 516 Dccoao,
379 446 608 513 thesaurario,
625 444 658 502 ct
673 446 713 502 l’.
730 446 829 503 Patra
848 448 1012 502 captonaco

542 545 683 602 lactor.

514 722 651 782 CAPUT
671 722 711 780 ΙΙ.

219 1362 327 1424 dictus
350 1359 525 1437 presbyter
551 1374 652 1436 super
676 1357 868 1435 receptione
894 1372 955 1417 sua
979 1355 1014 1416 in
1071 1389 1167 1448 tenus
1184 1387 1213 1447 si
1229 1385 1323 1448 vobis
1343 1388 1533 1450 commem
1552 1387 1727 1467 pmfmm
1742 1407 1870 1468 excep·

219 1460 379 1522 Salmant.
392 1456 535 1518 ecclesia
550 1454 901 1517 executoriasanobis
915 1451 1015 1532 ad(o)
1069 1483 1195 1544 tionem
1219 1483 1260 1545 de
1283 1486 1375 1546 cmo
1399 1484 1637 1548 canonicorum
1658 1502 1802 1548 numero
1812 1490 1873 1565 Ju-

219 1556 347 1619 archid.
374 1554 548 1616 civitaten.
567 1554 601 1614 et
615 1553 763 1629 collegas
786 1554 859 1629 ejus
884 1551 1015 1613 litteras
1070 1583 1223 1642 ramento
1258 1580 1402 1656 firmato,
1436 1582 1490 1645 Vel
1526 1583 1614 1645 alias
1649 1584 1872 1662 exceptiones

219 1655 458 1731 impetrasset:
475 1649 626 1729 partibus
648 1666 761 1711 coram
780 1649 907 1711 eisdem
932 1665 1016 1711 exe·
1071 1678 1239 1754 legitimas
1274 1679 1379 1741 fuisse
1411 1681 1602 1758 propositas
1633 1697 1751 1744 comm
1785 1683 1872 1760 ipsis

220 1751 389 1814 autoribus
404 1749 607 1820 constitutis,
623 1748 741 1809 tuitex
758 1750 851 1825 parte
866 1748 1015 1825 ipsorum
1071 1775 1318 1850 executoribus,
1344 1793 1406 1839 nec
1434 1778 1612 1852 admissas,
1635 1778 1713 1842 ideo
1740 1783 1872 1857 pamm

220 1849 381 1927 episcopi,
397 1848 430 1909 et
444 1846 582 1955 capituli
604 1847 797 1922 allegatum,
813 1845 899 1922 quod
915 1862 1016 1954 quum
1072 1873 1220 1951 episcopi
1249 1877 1284 1936 et
1313 1874 1451 1952 capituli
1481 1875 1689 1954 appellasse,
1718 1877 1873 1955 ipsorum

219 1948 254 2007 in
271 1947 344 2024 ipsa
359 1944 500 2007 ecclesia
517 1946 562 2006 svt
576 1945 687 2005 certus
702 1957 862 2004 numerus
877 1958 1018 2004 canom-

220 2060 333 2106 corum
347 2045 540 2120 juramento
556 2042 720 2113 dunatus,
736 2040 776 2101 de
792 2056 857 2118 quo
873 2039 907 2100 in
925 2040 1018 2102 litte·
1072 2071 1105 2130 et
1119 2068 1265 2131 inanem·

1205 1093 1318 1172 tquod
1343 1097 1480 1174 propter
1493 1096 1724 1174 exceptionem
1749 1097 1871 1173 hujus-
1964 1158 1966 1169 ,

1071 1973 1287 2033 enecatorum
1299 1971 1504 2036 denuntietis
1519 1990 1716 2052 processum
1735 1975 1872 2038 irritum
1968 2040 1969 2047 ,

220 2140 268 2202 ris
284 2140 324 2201 ad
350 2155 408 2201 eos
424 2139 562 2200 directis
585 2138 710 2200 mentio
733 2153 800 2199 non
823 2137 934 2211 tiebat,
958 2153 1018 2215 per

219 2255 278 2300 eas
293 2239 409 2300 contra
430 2236 522 2313 ipsos
538 2236 717 2313 procedere
737 2251 805 2297 non
827 2233 1015 2297 debebant:

221 2339 256 2398 et
281 2352 323 2396 ne
351 2335 451 2396 aliter
476 2334 626 2395 tacerent
651 2333 713 2395 suit
741 2333 783 2395 ad
813 2332 1017 2395 audientiam

221 2436 383 2504 nostram,
400 2432 582 2507 assignatis
599 2430 795 2509 quibusdam
811 2430 889 2492 aliis
905 2430 1016 2492 causis

221 2530 381 2608 legitimis
408 2529 622 2606 appellatum.
640 2528 704 2590 Sed
731 2528 796 2605 ipsi
820 2530 1017 2590 executores

221 2626 412 2705 hujnsmodi
428 2625 654 2703 appellatione
667 2627 866 2702 contempta,
883 2641 1019 2687 excom-

222 2723 458 2787 municationis
482 2723 682 2789 sententiam
709 2724 744 2783 in
769 2723 962 2801 episcopum
986 2725 1020 2784 et

220 2822 403 2901 capitulum
420 2822 641 2899 protulerunt.
660 2824 768 2894 Quare
785 2820 918 2899 petebat
937 2837 1018 2898 pro·

222 2922 358 2982 curator
380 2918 558 2996 praedictus
583 2918 785 2980 sententiam
808 2919 917 2996 ipsam
935 2918 1018 2980 irri-

221 3022 288 3080 tam
305 3015 464 3081 nuntiari.
481 3018 516 3077 et
529 3015 653 3078 dictum
668 3015 899 3094 presbyterum
915 3032 1018 3094 super

222 3116 285 3176 lroc
300 3114 340 3175 ab
355 3113 546 3174 eorumdem
561 3113 708 3191 episcopi
720 3116 754 3175 ct
764 3113 901 3191 capituli
913 3131 1019 3176 vexa-

221 3213 314 3275 tione
329 3210 507 3289 compesci,
524 3211 557 3273 et
569 3213 676 3286 trapa.
692 3211 854 3283 Quoniam
868 3211 972 3289 igitur
986 3215 1020 3275 et

258 3407 300 3483 (o)
321 3407 527 3465 Arebrdtocooo
547 3409 721 3466 cvrctoteasi.
742 3408 932 3479 civitatensis,
950 3409 1017 3467 Ciu·

221 3482 278 3538 dod
292 3479 422 3548 tiodrico,
438 3477 474 3535 de
489 3493 544 3550 qua
560 3493 656 3551 supra.

257 3550 477 3623 apertissimum
503 3555 548 3607 est
575 3549 650 3621 quod
676 3548 732 3606 hoc
754 3563 816 3622 cap.
842 3551 1017 3620 continetur,

222 3632 283 3680 tuna
311 3620 347 3676 de
373 3635 429 3676 vrou
455 3617 588 3691 augendo
615 3634 733 3676 numero
761 3621 965 3678 canonicorum
990 3624 1019 3679 ln

222 3692 351 3750 ecclesiis
367 3689 413 3745 obi
427 3698 470 3746 est
487 3698 581 3746 certus
597 3704 733 3746 uvvmerus
743 3689 905 3761 iuramento
921 3693 1021 3749 contir-

223 3773 326 3830 matus‚
343 3767 472 3832 utsupra
489 3759 523 3817 ad
539 3774 601 3832 cap.
625 3759 652 3827 a,
673 3761 714 3815 De
727 3762 869 3818 constitut.
898 3771 1018 3821 annota-

222 3835 337 3890 vimus:
355 3838 413 3887 tum
429 3831 753 3888 excommunicationem
771 3839 835 3903 post
852 3834 1018 3914 appellatio·

223 3920 289 3963 nom
311 3918 374 3960 esso
394 3902 400 3956 i
423 3916 455 3958 so
471 3900 536 3973 jure
555 3902 660 3957 nullam
684 3908 712 3957 ut
737 3903 905 3959 nominatim
924 3906 1018 3978 expri-

224 3975 319 4038 mitur,
362 3917 421 4028 uod7
440 3971 536 4028 omisit
561 3971 751 4039 Raimundus,
777 3978 806 4028 et
829 3972 962 4044 probatur
984 3990 1019 4033 ax

222 3988 939 4197 ⁰⁰villatumtutttmttttapl
969 4118 1003 4174 1,

221 4189 293 4271 orasti
313 4154 446 4242 concartau
459 4184 688 4266 Duactetdcpai]
714 4184 761 4241 Sic
782 4159 952 4269 corrigenda
976 4196 1020 4246 est

222 4254 389 4402 tigilli?
403 4254 1019 4402 ,latablataatlttttt‘tttttt

221 4401 366 4465 Androna,
382 4404 438 4453 aut.
455 4398 483 4453 S.
498 4398 604 4465 datter,
619 4411 682 4468 orara
711 4397 795 4454 sedes
838 4398 955 4456 rimatus
976 4407 1019 4457 est

223 4470 335 4538 scotice,
349 4467 385 4523 de
422 4481 456 4523 ua
476 4466 614 4525 videndus
632 4470 736 4525 llcctor
751 4413 851 4526 Boetss.
873 4471 1017 4528 initiator.

221 4546 327 4599 scitor.
344 4539 391 4595 lib.
402 4483 446 4605 (ll,
460 4545 487 4595 et
502 4538 566 4596 e'us
580 4540 738 4610 appendic.

258 4612 296 4685 (c)
310 4613 336 4669 S.
352 4609 453 4691 Moriar
468 4609 501 4665 dc
516 4554 729 4679 braimantum,
746 4611 797 4678 oet,
813 4611 846 4666 dc
863 4611 1016 4669 l'oruadc·

220 4685 300 4739 airam
329 4680 450 4736 dioceses
477 4680 610 4736 Comlidoe
636 4681 723 4736 Coae.
751 4680 857 4737 Civitas
885 4680 1019 4739 Candidas

220 4756 310 4820 tlasm,
333 4749 418 4806 bodie
443 4750 582 4819 ll'itbora,
606 4750 777 4823 episcopalis
798 4752 825 4806 in
846 4752 939 4809 Scotia
965 4753 1019 4810 sub

221 4821 387 4880 tllascoeusi
399 4818 615 4901 archiepiscopo
625 4820 784 4893 (dioscoro).
793 4819 864 4878 vide
875 4822 1016 4881 Gutllelm.

221 4892 407 4949 tlamdcnuvn.
422 4893 462 4946 lle
478 4897 531 4945 ista
552 4891 671 4948 ccclesia
685 4891 727 4947 sic
742 4891 864 4962 loquitur
879 4894 1018 4951 ilenricus

223 4961 467 5025 lluottdonioosis,
477 4960 583 5017 Hister.
594 4961 719 5030 duplic,
734 4961 781 5017 lib.
798 4964 846 5030 lll,
859 4977 935 5019 anno
946 4964 1015 5022 565:

224 5059 235 5087 ‹
257 5032 391 5093 Colornba
407 5030 442 5087 de
459 5030 591 5087 Hibernia
607 5032 696 5087 abitas
710 5033 788 5088 veuit
800 5032 835 5088 ad
847 5033 943 5090 Pictos
957 5051 1019 5107 acp-

224 5130 235 5158 ‹
258 5102 452 5169 teutriouoles,
465 5115 584 5172 quorum
598 5102 696 5159 sedem
712 5104 893 5176 episcopatus
906 5106 933 5163 S.
947 5107 1019 5163 llar-

224 5201 234 5227 «
258 5176 309 5233 titii
327 5174 442 5229 vroroine
455 5172 585 5240 instituit,
602 5172 649 5230 ubi
664 5174 725 5244 ipse
734 5174 869 5231 Columba
890 5177 1018 5248 sepultus

224 5271 235 5299 ‹
257 5254 310 5303 est.
321 5244 372 5313 Qui
384 5243 727 5312 locusvulgovocoturad
738 5245 892 5302 Candidum
903 5249 1016 5316 Casum,

223 5343 234 5370 ι
257 5334 292 5376 eo
307 5314 382 5388 quod
397 5314 435 5371 tui
458 5313 609 5370 ecclesiam
625 5314 660 5371 de
674 5314 779 5387 lapide,
796 5317 909 5374 insolito
925 5319 1015 5376 brito·

223 5414 234 5441 ι
258 5389 443 5452 nibusmore,
462 5383 568 5442 lecerit.
597 5407 608 5435 ι

257 5462 310 5518 llic
331 5457 450 5530 «palmatio
470 5462 514 5512 est
534 5453 570 5512 de
592 5464 774 5528 procuratore
798 5456 834 5514 ab
857 5460 1017 5541 appeltante

221 5531 374 5589 coristituto
399 5526 434 5584 ad
458 5526 667 5599 impetrandum
696 5535 726 5585 ct
754 5530 1016 5601 contradicendum,

221 5614 277 5658 non
294 5616 362 5656 vcro
377 5597 411 5653 ad
431 5598 507 5654 litem
527 5598 636 5671 integre
657 5599 893 5671 prosequendam.
914 5603 945 5657 ln
961 5617 1022 5673 ouo.

1071 2304 1189 2366 Sancti
1211 2306 1371 2375 araurem,
1387 2304 1422 2366 ct
1439 2306 1630 2367 Dictcltcad.
1652 2307 1873 2367 emitritaeo-

1111 2416 1166 2474 πο,
1183 2401 1217 2463 ct
1237 2402 1407 2478 preoptatam
1429 2404 1567 2475 Joorou,
1587 2406 1753 2465 cortorttco
1774 2405 1874 2465 Dict-

1110 2503 1221 2563 clvcsct.
1245 2497 1306 2578 (b).

1362 2669 1500 2730 CAPUT
1521 2671 1578 2730 111.

1112 2821 1251 2883 Nicolao
1267 2820 1377 2892 militi,
1394 2836 1432 2882 ac
1448 2820 1544 2882 tratri
1559 2822 1595 2881 Ε.
1611 2821 1778 2883 monacho
1800 2838 1874 2883 mo-

1074 2919 1214 2981 nasterii
1237 2918 1283 2998 (c)
1307 2921 1438 2980 Sanctae
1463 2918 1580 2980 Marias
1604 2919 1645 2980 de
1673 2920 1871 2981 Drundann.

1073 3015 1307 3077 Cisterciensis
1341 3014 1486 3088 ordInis,
1522 3013 1678 3076 dioecesis
1713 3015 1874 3077 Candida
1971 3070 1972 3075 ,

1073 3115 1166 3174 Casae
1182 3111 1269 3190 apud
1285 3111 1405 3174 Sedem
1423 3111 1649 3190 apostolicam
1664 3113 1872 3184 constitutis,

1073 3210 1132 3271 dil.
1155 3209 1292 3272 fratrem
1308 3213 1459 3272 nostrum
1476 3207 1525 3290 (d)
1542 3213 1575 3272 S.
1593 3210 1708 3272 Sancti
1729 3209 1873 3273 Adriani

1074 3404 1215 3463 distinctio
1228 3407 1335 3464 Glossaa
1350 3403 1521 3463 advertenda
1537 3413 1591 3473 est,
1607 3412 1701 3463 utrum
1717 3405 1875 3479 appellatio

1075 3477 1158 3534 luerit
1172 3477 1216 3534 vel
1240 3491 1255 3534 a
1275 3476 1382 3551 judice,
1403 3477 1480 3534 vola
1505 3485 1585 3549 parte
1608 3477 1749 3549 appellata
1772 3491 1875 3550 appro
1972 3474 1973 3479 ’

1074 3548 1149 3616 bata,
1166 3554 1195 3605 et
1210 3555 1278 3605 tunc
1292 3549 1356 3605 sine
1369 3546 1455 3605 dubio
1470 3555 1636 3620 procurator
1649 3548 1825 3605 constitutus
1840 3547 1875 3604 ad

1075 3617 1282 3692 impetrandum
1307 3625 1416 3676 tanturn
1442 3626 1471 3675 et
1493 3617 1744 3676 contradicendum
1777 3618 1875 3675 nilons
1972 3652 1973 3671 t

1075 3690 1193 3747 idoneus
1208 3697 1266 3746 est:
1281 3689 1357 3761 quod
1374 3689 1397 3746 si
1420 3690 1572 3817 appellatio
1590 3704 1645 3746 nec
1657 3704 1672 3747 a
1684 3688 1794 3761 jndice,
1818 3705 1874 3747 nec
1972 3676 1973 3725 ³

1075 3761 1110 3817 ab
1123 3760 1263 3842 appellato
1273 3759 1459 3859 sueritappro
1479 3768 1537 3828 ata,
1554 3766 1719 3833 procurator
1738 3759 1787 3816 ille
1808 3760 1872 3818 ido·

1073 3846 1146 3971 itt?
1156 3844 1290 3974 tilla
1300 3829 1470 4028 stipiti?
1478 3832 1875 3985 restauratam

1074 3986 1136 4056 cap.
1150 3987 1186 4029 an
1202 3972 1354 4045 appellatio
1381 3980 1460 4029 uerat
1477 3979 1532 4054 tam
1549 3970 1673 4100 agudvce
1688 3986 1773 4045 quam
1789 3986 1805 4029 a
1821 3988 1875 4029 mr·

1074 4044 1122 4100 lite
1142 4043 1307 4115 approbata,
1323 4057 1380 4115 quo
1392 4057 1461 4100 casu
1473 4042 1559 4115 Judex
1594 4044 1725 4116 elegatus
1737 4042 1874 4100 abbatem

1074 4121 1102 4170 et
1113 4121 1286 4171 conventum
1300 4115 1329 4170 in
1340 4114 1474 4187 expensis
1481 4114 1675 4171 condemnare
1689 4112 1784 4181 debet,
1796 4113 1874 4185 quod

1074 4199 1131 4242 oon
1155 4183 1289 4241 idoneum
1313 4192 1525 4257 procuratorem
1547 4184 1665 4254 miserit,
1689 4182 1740 4242 sed
1760 4192 1875 4242 tantum

1074 4255 1109 4312 ad
1133 4255 1341 4327 impetrandum
1366 4262 1394 4312 et
1412 4254 1675 4322 contradicendum,
1701 4269 1766 4326 qua
1782 4256 1872 4312 verba

1075 4327 1273 4398 interpretatur
1284 4326 1416 4400 Cujacius
1436 4325 1471 4382 ad
1487 4326 1594 4384 litteras
1614 4325 1795 4383 necessarias
1813 4328 1870 4383 im·

1075 4395 1237 4468 patrandas,
1251 4396 1296 4452 vel
1320 4396 1355 4453 ad
1376 4396 1627 4453 contradicendum
1641 4397 1677 4454 iis
1696 4396 1745 4469 qui
1762 4395 1873 4468 aliquid

1073 4476 1171 4524 contra
1189 4467 1341 4539 impetrare
1361 4473 1534 4537 tentasseot;
1559 4482 1616 4525 non
1636 4482 1706 4525 vero
1724 4465 1761 4525 ad
1859 4496 1871 4510 ·

1073 4538 1141 4595 dum
1164 4544 1193 4595 et
1215 4536 1453 4610 prosequendum,
1473 4536 1524 4595 sed
1540 4536 1678 4611 potiusad
1696 4552 1788 4610 geren
1810 4554 1870 4596 um.

1074 4608 1302 4680 satanacam
1321 4616 1397 4666 esset
1417 4622 1490 4681 opus
1512 4610 1686 4668 constituere
1720 4617 1870 4667 rocurato·

1073 4696 1133 4737 rein
1141 4678 1176 4736 ad
1190 4678 1354 4763 agendum?
1367 4680 1429 4737 sine
1438 4678 1534 4763 dubio,
1546 4681 1612 4764 quia
1627 4695 1702 4754 appe
1741 4695 1777 4738 os
1786 4694 1872 4738 suam

1073 4750 1871 4894 ltrtltlttt,ttatltttttasstltltlltaltl

1073 4863 1873 5036 pv‚alterutrorumlitterae

1071 5037 1159 5232 Ὓιιιῖ
1172 5032 1329 5161 τὲὴὲῗιηιὲἱῖ
1355 5102 1480 5161 Adriani
1505 5104 1655 5161 diacouem
1680 5104 1870 5162 cardinalem.

1072 5177 1139 5247 <lep
1162 5189 1257 5257 anum,
1274 5181 1401 5258 creatum
1414 5190 1492 5257 anno
1505 5176 1587 5259 talo,
1601 5174 1755 5233 diaconum
1776 5174 1871 5259 cardi·

1072 5244 1872 5399 ttbttttltistitttitbtltttlttl‘titl¹tlt

1072 5395 1160 5459 gavit.
1186 5388 1289 5443 Factus
1309 5395 1352 5443 est
1375 5401 1391 5444 a
1412 5387 1552 5460 Gregorio
1571 5391 1612 5447 lx
1642 5387 1872 5460 archipresbyter

1072 5457 1238 5586 Humili?
1251 5457 1374 5515 vicarius
1388 5459 1532 5531 generalis
1545 5475 1554 5525 ;
1565 5458 1635 5518 vixit
1657 5474 1748 5532 usquc
1764 5457 1801 5517 ad
1817 5474 1869 5516 au·
