3936 6192
1670 14 1780 17 Πῇἡ
1855 15 1891 23 ,-

110 256 166 321 385
630 253 787 328 QUINTA
809 249 1072 313 couplneslo.
1096 251 1174 313 LIB.
1197 252 1237 313 V.
1685 251 1744 310 386

108 417 271 496 pretemur
296 430 371 479 esse
392 412 603 477 referendum
629 413 671 476 ad
685 415 815 493 tempus
829 427 894 491 quo
950 411 1042 474 sonis
1061 413 1262 497 specialiter,
1276 411 1344 474 nisi
1359 410 1444 474 sorte
1458 410 1492 473 id
1516 410 1574 473 flat
1592 411 1743 475 ecclesiae

108 510 172 574 litis
186 509 380 574 contestatio
390 509 477 573 lacta
491 508 563 573 tuit
576 506 627 590 (a)
950 510 1091 585 ratione,
1108 528 1127 573 a
1142 526 1348 590 quocumque
1359 502 1524 587 legantur,
1544 508 1657 586 aliqua
1679 509 1742 570 de·

950 607 1044 671 beret
1057 609 1141 671 solvi
1155 610 1264 688 portic
1284 608 1436 671 ecclesiae
1462 606 1655 670 cathedrali.
1674 607 1743 671 Nos

107 715 278 788 moelotls,
301 715 336 779 et
359 717 518 792 capitatis
532 714 774 783 universitatis
790 717 897 781 σοφω-
950 704 1256 784 interpretationem
1293 723 1408 769 corum
1436 708 1543 768 ratam
1570 705 1742 775 habentes,

314 814 619 891 tanttnopotttanoe.
631 810 681 895 (p)
950 803 1131 865 secundum
1147 804 1264 883 ipsam,
1279 804 1550 867 constitutionem
1571 803 1743 879 praefatam

950 902 1161 986 praecipimus
1189 901 1360 964 observari
1379 900 1529 973 firmiter,
1556 900 1744 963 inhibentes

394 1010 532 1074 CAPUT
545 1012 603 1074 111,
950 1013 992 1060 ne
1007 999 1042 1061 in
1054 998 1222 1076 praedictis
1236 998 1362 1077 aliquid
1374 997 1604 1061 fraudulenter
1615 999 1746 1075 inprae-

511 1163 518 1175 ,
683 1164 691 1179 ,
946 1096 1110 1175 judicium
1135 1095 1336 1160 cathedralis
1363 1094 1515 1157 ecclesiae
1536 1099 1741 1173 procuretur.

141 1160 189 1224 iix
214 1160 312 1239 parte
335 1161 447 1225 vestra
472 1160 536 1226 rint
558 1166 764 1242 propositum
784 1181 896 1229 coram

105 1259 205 1332 nobis,
231 1258 321 1338 quod
346 1259 549 1322 venerabilis
575 1261 679 1325 frater
702 1264 825 1337 noster,
864 1281 898 1326 a·

104 1357 249 1420 triarclm
281 1357 401 1431 vester,
444 1359 619 1422 occasione
651 1281 897 1425 constitutiofals
1143 1316 1228 1390 Epis
1228 1328 1289 1390 ⁰⁰²²
1291 1327 1311 1377 ⁰
1333 1313 1489 1375 Tuum
1506 1309 1556 1390 (d)

105 1454 275 1533 cujusdam
298 1470 397 1532 anam
419 1455 623 1519 venerabilis
653 1457 758 1521 irater
784 1462 898 1523 noster
1241 1500 1378 1563 CAPUT
1399 1501 1443 1561 IV

104 1550 299 1614 Albanensie
314 1552 500 1630 episcopus,
511 1554 592 1616 tunc
611 1555 810 1632 Apostolicae
832 1559 896 1620 Se·
1445 1543 1453 1560 ’

105 1648 152 1717 dis
171 1649 303 1726 legatus
321 1647 368 1728 (c)
383 1650 583 1728 inpartibus
597 1654 780 1728 Romania,
797 1671 898 1733 super
990 1657 1061 1717 'l'ua
1097 1651 1194 1716 nobis
1230 1651 1423 1716 fraternitas
1455 1652 1632 1723 intimavit,
1661 1652 1747 1729 quod

104 1746 218 1822 legatis
229 1746 584 1821 edlditdellrnctornm,
595 1751 628 1812 et
636 1749 694 1812 dil.
706 1750 836 1816 irateri
839 1799 847 1814 .
858 1754 898 1816 ti·
951 1769 1053 1833 quum
1066 1750 1128 1816 tibi
1138 1766 1199 1829 pro
1211 1750 1416 1813 relevatione
1434 1749 1546 1811 oneris
1561 1748 1747 1810 debitorum

104 1843 169 1906 tulo
184 1845 319 1907 Sanctae
332 1844 495 1907 Praxedis
509 1845 684 1925 presbyter
701 1850 894 1926 cardinalis,
950 1866 1016 1929 quo
1033 1856 1040 1863 '
1052 1848 1232 1928 premeris,
1269 1847 1463 1909 duxerimus
1496 1834 1745 1922 indulgendum,

104 1939 176 2002 dnm
201 1941 327 2003 ibidem
353 1941 530 2019 legationis
560 1942 755 2022 fungeretur
787 1948 896 2011 olilclo
950 1950 986 2011 ut
995 1945 1378 2018 tructusbeneflciorum,
1390 1960 1464 2021 quae
1472 1943 1607 2006 interim
1617 1944 1653 2005 in
1663 1943 1748 2005 dioe-

103 2038 284 2112 innovavit,
301 2039 343 2102 de
357 2040 553 2118 quibusdam
575 2059 648 2120 quae
670 2042 776 2118 vobis,
793 2046 827 2109 ct
840 2063 898 2110 ec-
950 2047 1020 2110 cesi
1032 2048 1091 2110 tua
1109 2060 1232 2107 vacare
1250 2042 1438 2121 contigerit,
1454 2041 1515 2105 tibi
1529 2041 1630 2105 liceat
1646 2041 1746 2103 bien-

103 2135 211 2197 clesiis
226 2136 350 2200 vestris
364 2136 519 2215 legantur
538 2154 559 2202 a
579 2140 813 2206 decedentibus
826 2144 898 2207 ter·
951 2144 1008 2206 nio
1035 2143 1200 2218 retinere;
1227 2141 1361 2219 quidam
1397 2139 1597 2217 Apostolicae
1630 2139 1749 2216 gratiae

102 2233 180 2295 tiam
204 2233 355 2297 indebite
390 2234 536 2299 anobis
568 2238 675 2316 exigit
698 2241 895 2318 portionem.
952 2240 1166 2319 privilegium
1194 2238 1332 2301 sinistra
1368 2235 1644 2315 interpretatione
1671 2251 1748 2298 res-

102 2332 207 2403 Quum
220 2331 326 2409 igitur
345 2331 522 2411 episcopus
547 2336 582 2397 et
604 2337 792 2400 cardinales
805 2353 898 2416 prae-
952 2339 1100 2415 tringere
1126 2336 1312 2408 molientes,
1328 2337 1485 2397 asserunt
1503 2334 1701 2413 praebendas
1716 2335 1749 2396 et

100 2426 179 2493 dicti
194 2425 300 2509 (sicut
315 2444 359 2491 ex
371 2444 488 2492 eorum
505 2430 781 2510 interpretatione
802 2451 900 2499 acce-
953 2438 1082 2514 majora
1105 2433 1267 2496 beneficia
1286 2447 1495 2510 nequaquam
1509 2430 1748 2494 beneficiorum

99 2523 227 2604 pimus)
243 2541 311 2587 non
324 2525 563 2603 intellexerint,
588 2530 675 2608 quod
690 2531 731 2594 de
749 2530 804 2594 his
825 2549 900 2611 qnae
954 2533 1087 2596 nomine
1101 2531 1277 2600 contineri,
1295 2545 1395 2608 super
1413 2546 1477 2607 quo
1496 2529 1748 2607 interpretatio·

99 2622 132 2684 ln
149 2622 361 2685 ornamentis
381 2623 700 2701 ecclesiasticisis}
724 2628 766 2691 ad
789 2628 899 2692 labri·
953 2646 1028 2693 nem
1043 2627 1268 2707 apostolicam
1280 2626 1467 2705 postulasti.
1484 2627 1555 2689 Nos
1571 2627 1675 2703 igitur
1690 2627 1746 2688 in-

101 2735 172 2782 cam
196 2720 364 2796 ecclesiae,
388 2724 600 2800 reparatione
626 2724 816 2803 indigentis,
842 2728 900 2790 aut
952 2727 1132 2806 terpretum
1145 2724 1336 2804 hujusmodi
1350 2724 1549 2788 sententiam
1564 2725 1749 2803 reproban-

102 2817 141 2879 ad
161 2817 318 2881 ecclesiae
344 2819 536 2894 luminaria,
558 2838 686 2885 necnon
715 2825 749 2887 et
775 2824 816 2887 da
843 2824 897 2887 bis
951 2826 1014 2900 tes,
1042 2823 1241 2887 auctoritate
1268 2823 1484 2902 praesentium
1524 2823 1745 2895 declaramus,

103 2931 173 2993 quae
194 2931 257 2995 pro
271 2917 517 2995 anniversario,
535 2919 686 2998 septimo,
712 2920 896 2999 trigesimo,
951 2921 1039 3001 qnod
1062 2918 1250 2999 praebendae
1269 2935 1309 2983 ac
1330 2919 1398 2983 alia
1420 2919 1583 2982 beneficia
1597 2920 1748 2998 generali

104 3027 140 3076 ac
150 3012 314 3092 vigesimo
331 3013 506 3090 iaciendis,
529 3016 706 3081 valdonis
731 3034 896 3099 quaeper·
951 3017 1189 3083 beneficiorum
1201 3017 1335 3083 numine
1350 3017 1572 3080 continentur.

137 3200 254 3273 Proprie
272 3198 347 3273 apud
368 3215 431 3270 nos,
452 3202 556 3260 Bossia
572 3202 605 3261 dt
624 3208 726 3275 psedc,
745 3203 792 3262 vel
809 3204 898 3261 eliam
949 3206 1094 3275 misaco.
1110 3205 1153 3263 ite
1167 3203 1197 3260 ln
1211 3203 1289 3261 MSS.
1312 3205 1346 3259 ln
1363 3202 1490 3275 vulgetis
1507 3215 1598 3258 vero:
1618 3200 1750 3259 Protulit

106 3272 226 3329 arculam
245 3286 302 3355 pue
320 3269 357 3328 ad
371 3272 548 3347 colligendas
565 3279 594 3330 et
612 3273 803 3332 reservandae
816 3274 896 3332 obla·
952 3274 1148 3355 calamatatis
1164 3272 1408 3355 Franciootacom
1437 3271 1678 3397 donncnttuofcl.
1708 3274 1749 3329 Ex

105 3341 192 3398 dones
212 3347 254 3399 utt
274 3341 377 3410 solent,
396 3356 445 3424 qur
467 3358 566 3401 cerum
584 3357 684 3402 curam
705 3343 822 3403 hamul.
953 3344 1165 3426 quocolbgitur
1177 3340 1388 3415 expedrtronem
1396 3341 1619 3411 Constantrucpo
1631 3348 1749 3412 imnum,
1778 3386 1782 3393 .

108 3482 113 3494 ¹
138 3411 178 3486 (c)
193 3413 302 3486 Epigre
324 3411 362 3470 he
372 3411 457 3487 bupus
468 3429 532 3487 cap.
549 3413 620 3472 salsa
632 3415 855 3484 estatiniiSS,
870 3419 901 3471 ct
953 3422 982 3473 et
993 3412 1188 3472 obtectionem
1203 3411 1288 3484 buius
1303 3410 1427 3484 imperti,
1442 3424 1541 3467 verca
1559 3411 1676 3469 mancis
1688 3409 1748 3469 lac·

106 3483 279 3557 mrulgetis.
295 3428 413 3568 teutpert
432 3483 553 3543 babent:
570 3485 707 3559 episcopo
728 3487 759 3544 F.
780 3487 813 3543 P.
829 3486 897 3542 Ber·
953 3492 1028 3555 tamt
1042 3490 1156 3542 ceteros
1180 3496 1260 3551 vero,
1287 3483 1414 3541 Venetos
1435 3495 1551 3553 nempe,
1573 3481 1704 3551 Pisanos,
1720 3489 1750 3540 et

107 3552 203 3612 trandi.
232 3557 281 3612 Ex
302 3555 425 3613 lectione
450 3555 541 3629 ipsius
560 3553 713 3613 manifeste
740 3554 901 3613 ostenditur
954 3554 1036 3624 alios,
1057 3553 1211 3612 anxdiares
1225 3559 1335 3611 mutum
1350 3549 1449 3611 luisse.

106 3621 156 3681 hoc
166 3638 228 3755 cufi.
241 3626 333 3683 rescrl
354 3632 414 3684 turn
423 3624 511 3684 iuime
522 3624 814 3694 cuidamabbcti‚non
824 3625 899 3699 epis·
990 3623 1027 3700 (c)
1037 3624 1211 3707 inpartibus
1223 3623 1372 3681 Ronmnloe.
1390 3622 1422 3681 ld
1436 3619 1622 3681 estanneio
1638 3622 1747 3681 :Thra-

107 3708 182 3777 copo.
224 3697 274 3754 SS.
289 3694 327 3755 ba
365 3702 411 3754 nt:
424 3695 790 3781 episcopoF.P.Bertmndi
803 3695 897 3780 archi·
953 3694 1562 3779 clnm,cu1us·ceputestQuotantlnopclls
1578 3693 1748 3753 Rementem
1810 3769 1816 3780 ,

107 3764 222 3823 dracone
245 3767 519 3850 dmmmngusuno,
545 3766 632 3838 male3
653 3780 721 3825 nam
736 3765 785 3826 luc
804 3774 900 3851 egitur
953 3773 1084 3851 soccum
1103 3764 1227 3850 [mesen
1249 3764 1433 3823 Pontificibus
1452 3766 1591 3848 Summam
1605 3766 1746 3824 lunoccn·

108 3834 140 3892 da
152 3838 300 3921 canomcls
313 3838 448 3921 Aretrms,
458 3837 609 3908 ddcczzc,
619 3852 684 3913 qum
694 3839 811 3897 esturbs
820 3853 897 3913 eprs·
952 3846 993 3897 tto
1001 3839 1054 3921 ill,
1071 3838 1200 3920 Honorio
1212 3837 1264 3905 111,
1277 3835 1426 3920 ‘Clemente
1436 3837 1486 3904 IV,
1502 3841 1530 3892 et
1544 3835 1609 3918 altas
1623 3837 1746 3921 auctorl3

108 3908 209 3980 copulis
220 3923 249 3966 tn
264 3923 413 3982 provmcra
424 3909 563 3992 Romana.
575 3909 792 3993 marnugusta
802 3916 898 4009 autern
952 3909 1007 3967 bus
1015 3909 1091 3969 rllrus
1105 3908 1381 3991 seculunotrusest,
1398 3920 1485 3980 quam
1497 3911 1528 3990 ut
1545 3904 1747 3990 hrotmmorarr

109 3978 896 4135 tramitelimenaltsctstae
951 3974 1745 4135 cunrtutaculatrunitanus:

110 4119 899 4251 :emtumaurccusarststt
952 4130 1031 4266 ut
1044 4119 1176 4262 aas·
1190 4093 1378 4247 tamt
1408 4119 1692 4257 tttaauttl·
1711 4187 1747 4244 a

110 4259 133 4315 S.
142 4260 247 4403 (2310ng
248 4262 389 4393 mam
385 4261 441 4408 pdte
431 4277 517 4393 m
517 4263 697 4393 3323}ae
705 4277 901 4393 gemam
952 4262 1133 4392 {lmrmgepnont
1160 4263 1187 4331 7,
1200 4258 1682 4330 veluarlnolsdlalelnvulgetls,
1695 4259 1745 4315 To·

253 5635 367 5682 rennos.
389 5636 464 5681 rona
484 5620 506 5678 l.
