3980 6198
134 248 203 312 143
690 246 847 328 3113113
868 254 1131 327 complanato.
1156 259 1233 327 tte.
1257 259 1282 327 1.
1744 260 1801 324 tec

133 407 318 471 Florentii
343 409 377 470 in
395 406 444 488 (3)
460 409 679 494 Continentia,
695 430 794 491 quain
808 415 951 480 lacobus
1004 416 1212 495 veniretper
1226 417 1309 481 duos
1324 425 1452 478 menses
1465 410 1651 492 etamplius
1664 424 1799 491 333333·

134 503 302 568 decanus
316 507 421 583 ipsius
434 507 583 571 ecelesiae
597 509 716 587 133133
728 513 880 575 manibus
892 530 951 592 per
1003 512 1103 585 tatus,
1119 530 1181 576 nec
1196 513 1283 575 ullus
1298 514 1472 591 appareret
1495 527 1555 590 pro
1574 511 1798 574 eosusficieus

135 617 224 663 suas
250 602 385 666 litteras
399 605 592 681 resignavit,
610 608 681 669 sub.
703 611 809 687 appel.
827 611 878 673 ob.
895 627 952 672 as·
1003 611 1218 687 responsalis,
1234 612 1367 673 tandem
1378 611 1510 689 quidam
1518 610 1645 672 litteras
1658 609 1795 681 habens,

135 699 342 775 signarent.
379 702 501 763 Eodem
538 706 666 766 133333
698 706 826 768 litteras
860 707 950 785 ipsas
1003 706 1045 767 ad
1060 708 1351 770 contradicendum
1373 711 1406 770 et
1427 708 1669 786 impetrandum
1684 721 1796 769 coram

134 796 313 873 praedicto
342 799 467 861 decano
483 800 515 863 et
538 802 614 862 31113
642 803 845 877 ostendente,
862 805 950 867 idem
1003 804 1116 865 eodem
1130 808 1315 883 comparuit
1327 807 1490 878 auditore,
1507 806 1563 883 qui
1579 823 1654 867 cum
1669 805 1797 882 dejure

135 893 301 956 decanus
316 896 356 957 de
369 897 593 973 resignatione
606 898 690 962 forte
702 903 876 978 poenitens,
894 920 952 965 oc-
1003 901 1044 962 ad
1056 896 1261 963 tractandam
1275 920 1410 965 causam
1425 904 1534 964 minus
1549 902 1718 964 3311131333
1729 917 1798 963 333

136 990 294 1055 cultavit
306 993 434 1055 litteras
458 996 675 1073 supradictas.
692 1001 829 1060 Demum
843 1000 950 1062 eidem
1003 998 1146 1072 deretur,
1163 1000 1307 1062 auditori
1322 1000 1479 1077 praedicto
1493 1000 1588 1060 nobis
1600 1000 1673 1061 haec
1685 999 1797 1061 omnia

134 1090 274 1153 loanni
287 1090 436 1168 praelatis
451 1092 572 1154 litteris
586 1095 761 1169 restitutis,
777 1098 951 1159 easnomi-
1002 1095 1170 1170 referenti,
1195 1097 1345 1159 dedimus
1368 1099 1403 1158 in
1431 1097 1606 1169 mandatis,
1635 1098 1671 1159 ut
1698 1111 1797 1173 super

134 1187 233 1247 natis
250 1188 472 1271 judicibusut
486 1194 748 1268 exsequerentur
758 1195 949 1258 mandatum
1003 1193 1065 1255 boc
1079 1194 1208 1272 aliquos
1236 1195 1276 1255 de
1304 1194 1462 1257 fratribus
1490 1194 1688 1266 consuleret,
1714 1195 1748 1255 et
1761 1193 1796 1254 in

134 1285 377 1360 apostolicum
390 1290 617 1365 praesentarit3
632 1306 772 1368 cumque
788 1292 887 1353 iidem
898 1295 951 1370 jn·
1002 1306 1103 1353 causa
1128 1292 1321 1369 procederet
1344 1294 1442 1371 Juxta
1470 1291 1644 1355 consilium
1669 1306 1797 1351 eorum-

135 1378 236 1442 dices
245 1384 477 1459 Apostolicum
490 1386 613 1448 vellent
622 1387 803 1465 adimplere
814 1390 948 1452 manda·
1002 1389 1076 1450 dem
1102 1389 1328 1467 :saepedictus
1354 1391 1486 1451 auditor
1513 1389 1626 1451 habito
1655 1374 1805 1449 consilio*

136 1478 226 1550 tum,
245 1481 384 1556 quidam
397 1497 433 1543 se
444 1486 669 1560 opposuerunt
682 1486 835 1547 canonici
848 1488 949 1549 eccle·
1002 1486 1059 1547 dil.
1082 1486 1123 1547 fr.
1144 1502 1176 1549 n.
1199 1484 1244 1567 (3)
1264 1490 1300 1547 Τ.
1318 1489 1447 1550 Sanctae
1463 1487 1594 1547 Sabinae
1611 1484 1796 1563 presbyteri

137 1575 201 1637 siae
218 1579 428 1651 memoratae,
454 1580 600 1641 dicentes
625 1581 861 1645 subdiaconum
874 1602 948 1646 me·
1001 1583 1192 1655 cardinalia,
1221 1600 1260 1644 ao
1286 1585 1386 1646 etiam
1418 1585 1570 1655 aliorum,
1598 1583 1795 1647 sententiam

137 1675 314 1735 moratum
329 1676 539 1738 renuntiasse
550 1679 621 1754 juri
637 1695 708 1751 suo,
725 1680 811 1757 quod
826 1681 890 1758 ipsi
905 1698 948 1743 ex
1001 1680 1234 1757 praedictorum
1244 1681 1395 1758 judicum
1412 1680 1654 1742 sententialiter
1663 1679 1796 1757 justitia

136 1768 226 1845 ipsis
258 1772 382 1834 litteris
397 1762 611 1851 competebat.
638 1776 731 1839 Dicto
756 1778 860 1854 igitur
874 1778 948 1839 sub·
1000 1778 1153 1851 exigente
1168 1778 1322 1838 cassavit.
1337 1778 1406 1838 Nos
1417 1778 1518 1852 igitur
1530 1775 1678 1853 ejusdem
1689 1770 1809 1851 capel?

136 1864 290 1930 diacono
317 1871 380 1930 boc
405 1874 558 1947 negante,
584 1876 655 1950 jam
687 1874 767 1936 dicti
795 1875 946 1937 canonici
1000 1873 1068 1934 lani
1084 1874 1282 1936 sententiam
1298 1876 1405 1935 ratam
1430 1874 1463 1935 31
1478 1872 1792 1943 firmamhabentes,

134 1964 246 2026 testes
262 1966 381 2029 adhoc
407 1969 612 2046 probandum
639 1971 771 2049 aliquos
785 1973 948 2049 produxe-

135 2062 231 2133 runt,
267 2080 328 2140 per
364 2081 445 2141 quos
472 2082 547 2127 cum
581 2067 750 2130 videretur
773 2069 947 2146 probatum

133 2158 311 2220 loannem
340 2175 375 2221 se
403 2162 520 2238 gratiae
559 2164 696 2240 capituli
729 2165 946 2237 commisisse,

133 2254 203 2315 duo
228 2256 386 2333 judicum
404 2259 649 2334 praedictorum,
677 2261 765 2323 cant.
793 2261 949 2325 videlicet

132 2351 341 2422 Treveren„
356 2355 599 2417 sententialiter
623 2357 842 2419 decreverunt
856 2372 950 2419 eum-

133 2446 216 2507 dem
230 2452 399 2510 loannem
414 2467 481 2511 non
496 2468 593 2527 posse
614 2453 661 2514 uti
677 2453 717 2514 de
740 2455 848 2515 cetero
863 2455 949 2531 ipsa·

131 2559 216 2604 rum
234 2547 409 2607 commodo
424 2547 621 2621 litterarum,
632 2566 691 2626 pro
704 2566 743 2613 eo
759 2551 844 2627 3331
859 2551 945 2611 idem

133 2642 165 2704 J.
182 2641 239 2701 313
258 2641 442 2703 adversarii
452 2645 569 2719 gratiae
582 2662 617 2706 se
627 2648 800 2719 commisit,
812 2649 946 2725 propter

136 2738 230 2813 quod
245 2738 340 2799 visus
361 2742 411 2800 est
424 2743 634 2803 renuntiasse
644 2745 715 2820 juri
730 2744 793 2804 sibi
806 2761 849 2805 ex
861 2745 944 2822 ipsis

138 2833 268 2895 litteris
297 2838 520 2912 competenti:
546 2855 567 2899 3
595 2856 659 2916 qua
678 2842 842 2903 sententia
857 2841 943 2903 idem

137 2932 168 2994 J.
185 2931 375 3008 appellans
390 2933 468 2995 licet
486 2936 586 2997 etiam
605 2938 815 3015 anteaquam
832 2941 943 3017 appel·

139 3026 246 3089 lasset
260 3029 410 3103 vigiliam
424 3032 619 3108 Epiphaniae
631 3035 782 3111 proxime
796 3038 943 3113 praeteri·

138 3124 207 3186 tam
216 3126 400 3187 terminum
410 3143 479 3189 suae
490 3130 722 3205 appellationis
730 3134 883 3209 praefixit,
901 3134 942 3196 ad

142 3237 241 3297 quam
258 3239 335 3283 cum
349 3224 474 3287 idemJ.
483 3226 613 3288 veniret
624 3229 656 3289 et
670 3229 765 3290 nobis
778 3232 875 3306 prout
885 3247 944 3292 su·

142 3319 256 3393 perias
284 3321 335 3381 331
355 3337 560 3397 expressum,
577 3324 655 3386 13311
669 3327 790 3387 seriem
804 3342 944 3388 enarra-

144 3415 202 3487 ret,
220 3415 281 3476 dil.
293 3416 338 3476 fil.
352 3414 398 3497 (b)
409 3419 542 3480 Petrum
556 3421 596 3481 de
611 3422 822 3494 collemedio,
838 3424 944 3500 capel-

143 3508 257 3573 lanum
275 3514 422 3576 nostrum
439 3532 538 3592 super
550 3517 614 3579 hoc
637 3518 700 3578 sibi
720 3519 943 3581 concessimus

145 3608 355 3671 auditorem:
379 3612 436 3672 sed
463 3628 537 3673 cum
564 3617 636 3690 ejus
651 3615 862 3677 adversarius
876 3633 942 3678 non

181 3774 222 3847 (3)
237 3777 276 3832 13
289 3779 468 3848 compactitio.
487 3781 561 3839 Urbe
577 3783 771 3841 amenissima
787 3783 870 3842 11333.
887 3786 940 3845 Co·

146 3842 487 3929 lon.,lnter·lloguntiain
500 3860 528 3908 et
541 3853 763 3925 coloniamque
779 3870 810 3912 33
825 3857 941 3914 Mosella

148 3912 245 3972 llbeno
274 3928 383 3999 miscet,
410 3921 475 3977 1133
500 3923 676 3981 Coiitluentia
702 3925 789 3995 dicta,
811 3928 941 3984 Coblcntz

151 3984 327 4044 Germanice.
340 3990 516 4049 Guntherus:

179 4057 323 4131 Fluminis
334 4075 370 4115 33
383 4062 632 4133 33313133311333
645 4066 904 4138 33333313133133,

181 4127 279 4184 accat
292 4130 330 4184 31
349 4146 436 4201 tesqua
451 4133 550 4190 liicuin.

170 4196 221 4276 td)
236 4200 354 4254 Petrum
366 4202 398 4255 13
410 4202 585 4260 1311333113.
600 4205 652 4273 Qui
665 4204 716 4261 luit
727 4215 824 4276 postea
834 4207 941 4266 archie-

151 4278 282 4340 piscopus
302 4269 542 4344 llothomagensis
557 4274 603 4341 56,
648 4284 692 4330 ost
713 4278 880 4334 ltlaiiriciuin
902 4281 939 4347 ll,

152 4340 318 4415 33331131.
338 4343 463 4412 Legatos
483 4345 640 4426 1333333111
664 4348 704 4405 IV
725 4346 758 4402 ad
784 4347 890 4403 Frider.
914 4351 940 4406 ll

153 4412 426 4607 ἓξ1ἓ1ῑὲ1ἑ11111
433 4413 941 4559 lillfflt'lgtlttttstillanti&

188 4561 222 4603 iio
311 4593 317 4606 .

186 4618 337 4701 (31131113
347 4623 465 4678 consilio
479 4624 730 4694 placabilitatis.
744 4626 852 4683 831133
856 4642 941 4697 pries-

153 4683 235 4756 bptrri
250 4693 420 4749 3331133113.
438 4694 491 4750 1113
506 4702 548 4751 331
560 4695 684 4753 Thomas
696 4695 732 4753 de
745 4697 850 4768 Capua,
862 4700 941 4756 Cani-

154 4768 247 4840 33333,
274 4760 311 4817 ab
337 4765 504 4820 innocentio
531 4768 570 4823 lll
601 4775 723 4836 oreatus,
752 4782 827 4824 anno
857 4769 939 4838 ltin

154 4838 216 4884 viiii
228 4846 318 4902 33333
334 4831 762 4903 313333311113311133311331
779 4838 938 4909 patriarcba

999 1970 1092 2032 robis
1118 1986 1178 2048 per
1207 1971 1397 2048 Apostolica
1426 1972 1549 2046 scripta
1586 1969 1792 2039 mandamus,

1000 2068 1162 2145 quatenus
1190 2068 1383 2130 revocantes
1407 2069 1443 2127 13
1471 2068 1603 2127 irritum
1636 2065 1794 2143 quidquid

999 2164 1195 2225 inveneritis
1210 2166 1284 2240 post
1297 2165 1552 2241 appellationem
1577 2163 1617 2224 ad
1633 2162 1794 2236 3331331-

1000 2259 1080 2319 time
1094 2258 1322 2335 interpositam
1335 2258 1541 2329 attentatum,
1559 2257 1722 2319 sententia
1732 2260 1793 2335 ju-

1001 2355 1111 2416 dicum
1137 2358 1272 2416 Trever.
1307 2371 1373 2416 non
1408 2354 1573 2427 obstante,
1602 2354 1794 2431 praedictam

1000 2451 1210 2528 praebendam
1225 2452 1256 2512 ei
1272 2451 1484 2524 subdiacono,
1499 2452 1564 2514 nisi
1580 2451 1670 2512 aliud
1687 2467 1792 2512 cano-

1000 2548 1110 2608 nicum
1132 2547 1294 2625 objectum
1310 2548 1420 2620 fuerit,
1438 2550 1470 2610 et
1491 2548 1674 2626 probatum,
1691 2564 1794 2625 quare

998 2644 1031 2704 id
1046 2660 1113 2705 non
1129 2644 1247 2705 debeat
1263 2644 1448 2721 adimpleri,
1466 2644 1663 2706 auctoritate
1682 2648 1792 2721 Apos-

997 2741 1108 2813 tolica,
1125 2741 1254 2805 sublato
1269 2742 1500 2820 appellationis
1520 2741 1700 2813 obstaculo,
1718 2757 1793 2803 con·

997 2840 1123 2901 ieratis.

1054 3063 1176 3137 Apate.
1206 3063 1380 3124 31Ν1333.
1404 3066 1572 3138 episeopis
1596 3059 1657 3141 (1),
1685 3062 1719 3122 31

1260 3180 1391 3238 arrecta.
1409 3180 1531 3252 Apelle.

1296 3352 1432 3411 CAPUT
1451 3353 1492 3411 ΙΙ.

1035 3506 1154 3567 Dilecti
1187 3506 1264 3578 filii,
1306 3509 1486 3600 conventus
1521 3507 1714 3570 monasterii
1743 3506 1790 3587 (3)
1840 3539 1842 3544 ·

996 3604 1102 3665 333311
1115 3606 1182 3666 VV.
1196 3604 1236 3664 de
1248 3605 1386 3667 desertis
1400 3606 1600 3678 immediate,
1617 3606 1658 3667 31
1674 3609 1791 3667 Roma-

995 3771 1091 3855 (slmill
1107 3774 1216 3832 ratione
1229 3774 1323 3846 quain
1337 3790 1400 3847 cap.
1411 3777 1492 3844 Sane,
1501 3776 1571 3843 331,
1584 3775 1656 3831 31133
1665 3790 1697 3831 33
1708 3774 1791 3831 mise·

995 3844 1123 3901 ricoidiie
1137 3848 1341 3902 canonicorum
1365 3847 1586 3903 Pictavlcnsium
1609 3845 1788 3918 subjecisset)
1896 3898 1899 3904 ,

995 3921 1054 3971 tuni
1067 3914 1142 3987 31131
1158 3917 1265 3972 litteras
1279 3917 1455 3989 apostolicas
1470 3918 1512 3974 eis
1528 3916 1688 3972 tradidisset
1706 3930 1790 3986 :quae

995 3993 1163 4058 argumenta
1186 3988 1408 4043 renuntiationis
1433 4003 1497 4044 csse
1522 3986 1700 4043 videbantur.
1727 3988 1789 4042 1133

994 4063 1103 4113 tantuin
1112 4057 1268 4127 spectanda
1277 4058 1323 4113 liic
1333 4066 1414 4114 sunt:
1427 4059 1456 4114 1ο
1465 4059 1582 4123 litteras,
1595 4056 1674 4112 loisis
1684 4057 1790 4112 suasio·

994 4126 1454 4252 3133333313133331313333,
1471 4127 1679 4184 1311333113113
1700 4140 1787 4182 cano·

994 4197 1086 4265 uicls3
1122 4208 1134 4238 ⁰
1148 4197 1221 4268 3331
1239 4200 1286 4269 331
1302 4199 1403 4270 gratiae
1417 4197 1656 4255 etmisericordioe
1670 4197 1789 4253 allorum

993 4281 1025 4323 se
1037 4266 1161 4346 subjicit,
1174 4282 1229 4322 uon
1246 4267 1355 4324 videtur
1370 4271 1547 4335 renuntiare;
1569 4270 1692 4349 gratiam
1712 4267 1789 4322 enim

994 4344 1021 4393 31
1037 4336 1231 4393 misericordia
1244 4346 1466 4409 praesupponunt
1480 4338 1688 4403 liberalitatem,
1701 4343 1729 4392 et
1742 4336 1791 4391 all·

993 4405 1070 4479 3331
1084 4406 1253 4463 beneficium
1270 4424 1320 4477 pro
1342 4409 1438 4478 33331
1463 4410 1541 4479 petit.
1563 4406 1700 4475 11331331
1720 4404 1789 4461 nibil

993 4485 1123 4549 speraret
1138 4476 1239 4533 l'rustra
1256 4477 1290 4533 ad
1330 4474 1788 4533 131133131313331331113133113-

994 4562 1056 4603 rum
1072 4555 1230 4603 recurreret
1246 4563 1253 4601 ε
1268 4549 1295 4602 13
1316 4562 1333 4602 3
1353 4553 1459 4602 reetea
1479 4547 1594 4614 Graecis,
1612 4547 1688 4601 ἔλεος.
1705 4545 1787 4601 33133-

994 4618 1079 4683 33113,
1107 4632 1158 4688 pro
1192 4618 1264 4686 31133
1289 4618 1419 4685 sumitur,
1449 4623 1477 4674 et
1504 4616 1569 4672 iude
1606 4617 1790 4703 Eleemoapco

994 4688 1107 4760 (1131113.
1121 4689 1161 4757 6),
1175 4694 1203 4743 31
1215 4686 1290 4760 3331
1306 4688 1459 4755 Pollucem,
1474 4689 1534 4744 111.
1547 4687 1697 4758 acapna,
1707 4704 1788 4753 χαρις,

994 4766 1022 4815 31
1036 4761 1117 4824 δωρεά
1128 4758 1360 4829 conjunruiitur:
1377 4766 1405 4815 et
1422 4760 1529 4831 optime
1543 4759 1712 4815 Laurentius
1734 4761 1787 4815 Ρ3-

995 4829 1101 4901 3133313
1109 4828 1144 4885 ad
1156 4844 1219 4901 cap.
1229 4802 1311 4886 §aaa
1324 4830 1357 4885 13
1366 4831 1624 4899 33313311313131,
1637 4830 1693 4886 132
1707 4829 1786 4885 Corn-

155 4894 420 4974 Hierosolymitanus
433 4906 550 4975 electus,
566 4907 616 4963 sed
632 4922 647 4964 a
663 4909 801 4981 Gregorio
815 4909 854 4966 lx
882 4925 940 4967 „011
990 4900 1138 4969 piliitioitc,
1155 4901 1211 4956 nit:
1230 4902 1324 4967 Quare
1336 4915 1365 4956 33
1376 4901 1627 4973 33111311133111331
1641 4905 1672 4956 31
1684 4900 1786 4967 31333-

156 4978 309 5055 333333333,
325 4974 390 5044 3313
406 4975 542 5031 Ecclesiae
556 4979 691 5035 Romame
703 4980 789 5035 311113.

185 5039 255 5098 ltiliil
280 5043 417 5100 intactuin
440 5046 571 5117 relinquit
595 5049 693 5105 Glossa
716 5049 790 5119 apud
818 5051 872 5107 Gre
896 5065 937 5107 or.

156 5104 209 5164 1133
226 5128 312 5169 unum
337 5122 412 5179 uota,
431 5115 478 5187 agl
493 5116 529 5172 de
543 5119 655 5174 133333
668 5134 794 5190 paupere
817 5065 938 5177 3311513·

156 5189 228 5246 3333,
237 5184 279 5239 313
293 5184 369 5239 enlin
383 5192 483 5241 notant
496 5194 552 5243 tres
567 5188 622 5243 mei
634 5190 711 5245 MSS.
723 5188 845 5255 codices,
864 5190 938 5262 3331

156 5251 240 5308 tamen
265 5254 361 5334 omisit
388 5256 573 5324 llainiundus,
599 5259 731 5329 quamvis
753 5259 811 5315 viin
841 5258 936 5318 133131.

156 5314 270 5379 loannes
292 5324 401 5381 litteras
419 5324 579 5384 obtinuerat
598 5329 633 5384 ab
645 5330 811 5385 innocentio
826 5332 865 5388 lll
887 5346 938 5402 pro

157 5387 328 5461 adipiscenda
351 5394 608 5469 3333313333
630 5399 754 5456 lacobus
769 5400 936 5483 resignave-
992 5392 1107 5461 Seditlo,
1131 5393 1177 5450 rel
1199 5395 1383 5465 Berengailo.
1407 5394 1532 5459 Nicensi,
1553 5392 1618 5461 lege

992 4971 1145 5039 videretur,
1162 4972 1312 5027 3111331133
1327 4973 1516 5028 3333331133
1530 4974 1682 5042 sectariis:
1697 4971 1787 5037 aliter,

993 5041 1123 5097 nolentes
1145 5042 1184 5097 uti
1202 5041 1396 5097 misericordia
1420 5046 1446 5097 31
1471 5043 1518 5113 jus
1542 5056 1624 5099 suum
1641 5041 1788 5097 restituere

993 5110 1096 5168 debent
1112 5112 1220 5180 ,133331
1234 5113 1267 5168 L.
1278 5113 1304 5176 2,
1345 5114 1397 5167 311.
1408 5114 1440 5167 13
1448 5114 1599 5168 1133311331.
1612 5119 1689 5167 ’1313
1702 5112 1788 5165 etiam

992 5181 1067 5253 quod
1084 5182 1240 5262 pardulum
1266 5182 1301 5238 ad
1334 5183 1423 5238 33133
1438 5183 1545 5239 litteras
1569 5153 1701 5237 13133133
1715 5188 1786 5247 emt,

992 5259 1023 5308 ut
1037 5258 1106 5307 satis
1121 5260 1232 5308 constat
1244 5267 1279 5308 ex
1292 5253 1386 5308 verbis
1396 5254 1542 5334 utriusque
1554 5251 1679 5322 capituli.

1028 5322 1070 5394 (1)
1099 5324 1290 5394 Α3311333131
1314 5323 1598 5392 11133331Ε31333313.
1615 5316 1786 5446 affirmans}

1677 5402 1786 5459 iniens,

157 5465 202 5523 111,
216 5463 294 5535 cujus
309 5466 463 5536 receptioni
477 5482 508 5523 33
518 5478 713 5540 opposuerunt
731 5472 861 5527 canonici
885 5470 939 5528 liae
990 5464 1069 5521 Nice·

158 5530 343 5606 3311333113ῑί,
372 5536 446 5607 3331
470 5538 670 5610 13331333333
693 5556 745 5597 333
756 5540 813 5613 juri
831 5556 936 5598 renun-

158 5602 253 5673 1111331,
270 5620 305 5661 ex
320 5606 441 5678 eoquod
454 5623 485 5664 33
499 5610 599 5682 gratie
614 5610 729 5683 capituli
747 5612 938 5670 commisisset

1028 5534 1069 5606 (3)
1099 5534 1126 5590 S.
1155 5532 1307 5597 vuillelmi,
1326 5531 1432 5589 1331311
1447 5545 1522 5586 3333
1543 5527 1784 5595 nantoliensi

992 5604 1153 5673 Laterensi,
1169 5603 1276 5681 ordinis
1299 5604 1327 5661 S.
1345 5601 1498 5670 Benedicti,
1512 5614 1527 5656 a
1542 5599 1569 5657 S.
1584 5599 1732 5658 Guillelino
1748 5604 1784 5669 ll,
