3960 6188
209 273 267 336 eet
673 278 850 342 HONORII
872 280 918 343 111
938 282 1087 345 OPERA.
1104 312 1143 327 -
1158 282 1392 345 SERMONES.
1804 278 1871 341 &32

210 436 475 511 tanquamque:
483 433 568 514 (Aet.
580 451 617 510 11,
627 435 670 517 i),
684 437 781 512 idest,
790 440 911 502 radioli
920 441 1010 517 ignei
1063 443 1140 503 tem.
1151 444 1231 505 Post
1240 442 1434 520 potestatem
1444 439 1701 502 neeessariamt
1710 436 1871 500 veluntas
1965 450 1966 485 ὲ

209 530 246 592 in
266 532 400 593 medum
420 532 621 609 linguarum,
641 535 825 599 insidentes
845 538 1009 616 capitibus
1064 538 1147 601 bene
1162 540 1332 617 operandi,
1347 540 1425 617 qnia
1440 554 1557 600 servus
1569 538 1786 598 damnatura
1800 538 1871 597 Βο-

210 644 336 690 aerum.
356 630 439 702 Quid
459 631 677 708 intelligimus
694 651 754 711 per
774 636 922 711 linguam
938 637 1005 698 nisi
1060 638 1161 709 mine,
1176 638 1332 715 quianon
1347 637 1417 699 vult
1429 636 1563 714 operari
1576 636 1616 697 de
1628 635 1762 697 talento
1773 649 1872 695 eem-
1965 632 1966 715 ζ

212 726 517 803 sapientialeuid
525 731 710 807 perignem,
720 733 1006 796 nisieharitateml
1060 735 1174 795 misse.
1965 720 1966 801 ?

211 826 258 886 ΒΘ
278 824 441 901 sapientia
464 827 586 889 dieitur
608 828 642 889 in
662 830 851 892 Proverbiis
877 852 884 892 :
908 836 1007 906 Aque
1101 834 1147 893 ΒΘ
1160 831 1266 909 prime
1280 831 1414 908 legitur,
1437 831 1535 909 quod,
1553 832 1635 894 lesu
1648 829 1823 907 baptizate
1837 832 1871 890 et
1965 824 1966 827 ’

209 923 1007 999 premrtdeeerbeeeereotri,etterrensinue·
1060 930 1188 1001 orante,
1201 931 1350 1005 apertum
1361 932 1411 991 est
1420 930 1552 1001 eoelum,
1563 929 1598 990 et
1607 927 1784 989 descendit
1795 926 1871 1003 Spi-

213 1020 299 1080 dens
321 1022 399 1094 seras
424 1023 605 1095 sapientiae
633 1024 744 1097 (Prov.
766 1040 862 1098 xvnr,
885 1025 930 1106 4).
960 1029 1007 1088 ΒΘ
1060 1027 1144 1087 ritus
1160 1028 1300 1088 Sanctus
1318 1026 1354 1087 in
1374 1026 1481 1103 ipsum
1500 1025 1668 1102 corporali
1685 1025 1814 1102 speeie,
1828 1024 1871 1084 si·

213 1115 376 1177 charitate
386 1117 434 1178 ait
448 1118 607 1180 Dominus
619 1119 654 1180 in
667 1121 848 1198 Evangelio
862 1144 870 1181 :
886 1127 1007 1199 lenem
1061 1126 1117 1185 cut
1131 1123 1292 1196 columba,
1305 1124 1338 1184 et
1349 1139 1415 1185 vex
1427 1123 1537 1185 Patris
1549 1122 1717 1194 intonuit:
1735 1124 1806 1183 Hie
1817 1122 1869 1182 est

212 1216 293 1274 veni
315 1215 506 1277 mitteretis
521 1217 667 1290 terrem,
688 1218 816 1293 etquid
834 1224 918 1293 vetet,
939 1224 1009 1282 nist
1061 1225 1172 1284 littus
1182 1237 1280 1283 naeus
1289 1221 1441 1293 detectus,
1449 1224 1486 1282 tn
1495 1235 1561 1296 quo
1571 1223 1659 1289 mibi
1674 1224 1763 1281 berae
1775 1234 1870 1280 ωηι-

212 1304 251 1371 'iet
265 1312 408 1373 ardenti
418 1310 510 1391 (Luc.
524 1330 584 1387 ιιι,
594 1314 658 1394 49).
675 1318 766 1379 Inter
775 1318 914 1379 virtutes
927 1318 1009 1379 eha-
1060 1322 1173 1394 placei
1189 1317 1319 1397 (Matth.
1335 1334 1418 1390 xvir,
1436 1318 1483 1396 5).
1503 1320 1550 1379 De
1567 1316 1717 1379 secunde
1730 1315 1867 1392 legitur,

213 1407 297 1468 ritas
312 1409 364 1471 est
381 1411 560 1488 praecipua,
578 1416 610 1475 et
629 1413 716 1476 inter
731 1416 818 1477 dena
833 1417 943 1494 prima
959 1416 1009 1478 est
1063 1416 1149 1493 qued
1164 1432 1239 1477 cum
1250 1418 1348 1479 lesus
1362 1414 1502 1477 dixisset
1514 1415 1695 1492 apostolis,
1714 1428 1796 1489 paee
1809 1429 1871 1475 ee-

214 1506 389 1582 sapientia.
407 1508 559 1571 Charitas
574 1511 661 1572 enim
678 1513 834 1577 informat
848 1515 961 1587 vitam,
977 1515 1010 1576 et
1063 1517 1123 1585 bis,
1145 1513 1346 1582 insufflavit,
1369 1514 1402 1576 et
1422 1513 1498 1574 ait:
1519 1513 1672 1585 Accipite
1693 1513 1871 1585 Spiritum

214 1603 378 1679 sapientia
391 1604 547 1669 informat
561 1607 755 1673 doctrinam
771 1615 849 1684 Quae
864 1612 929 1675 dne
946 1613 1008 1674 de·
1062 1611 1238 1683 Sanctum,
1254 1626 1402 1685 eicerem
1414 1610 1623 1672 remiseritis
1635 1609 1797 1684 peecata,
1813 1624 1872 1670 re-

214 1698 295 1761 bent
308 1717 382 1762 esse
396 1702 431 1763 in
446 1704 675 1779 praedicatore,
695 1710 730 1770 ut
745 1726 811 1771 non
826 1710 933 1771 selum
950 1710 1010 1772 de-
1063 1709 1253 1769 mittuntur
1265 1712 1326 1781 eis,
1343 1709 1377 1770 et
1388 1706 1536 1782 qateruni
1553 1709 1790 1777 retinueritis,
1806 1722 1871 1768 re-

215 1797 290 1858 eeat
308 1799 421 1870 verbe,
431 1802 433 1807 ’
444 1801 501 1862 sed
520 1804 683 1881 exemplo.
705 1807 787 1878 Quia
803 1823 868 1869 non
889 1807 1011 1869 suflicit
1063 1807 1160 1868 tenta
1171 1807 1254 1867 sunt
1269 1804 1378 1884 (dean.
1394 1822 1452 1876 xx,
1465 1802 1529 1878 23).
1546 1807 1593 1865 ΒΘ
1607 1805 1709 1866 tertie
1724 1819 1809 1865 vere
1821 1804 1873 1864 le-

215 1894 428 1972 praedieateri
456 1897 579 1961 babere
603 1904 791 1980 exemplum
819 1906 908 1978 vitre,
936 1906 1010 1967 sine
1064 1903 1168 1979 gitur,
1196 1903 1281 1980 qued
1306 1920 1325 1962 Θ
1348 1903 1455 1964 laetus
1477 1904 1529 1963 est
1551 1904 1690 1978 repente
1714 1900 1759 1963 de
1783 1901 1870 1963 reale

215 1992 318 2054 verbe
331 1994 501 2069 eocmnae,
518 1999 597 2074 quia
612 2017 714 2062 unum
730 2003 803 2064 sine
818 2003 923 2065 altere
938 2020 1011 2065 me·
1064 2016 1083 2060 Θ
1098 2016 1210 2072 senus,
1229 2002 1397 2078 tamqnam
1416 2000 1626 2061 advenientis
1643 1998 1792 2075 spiritus
1807 2014 1869 2059 ve-

215 2088 325 2151 dieum
336 2091 433 2154 valet.
447 2095 571 2158 ardeat
584 2097 687 2173 igitur
705 2099 791 2176 ignis
806 2101 840 2162 in
854 2102 963 2173 eorde,
976 2103 1011 2164 ut
1064 2098 1271 2171 «namanes,
1294 2099 1326 2160 et
1350 2098 1490 2175 replevit
1511 2097 1615 2159 tetam
1634 2096 1791 2168 demum,
1813 2094 1870 2155 ubi

215 2186 330 2264 lingua
352 2205 497 2267 congrue
516 2192 680 2258 deeeatin
694 2212 763 2259 ere.
783 2200 869 2260 Nam
887 2215 1010 2277 pecea-
1064 2197 1193 2259 «erant
1214 2196 1376 2258 sedentes.
1398 2197 1438 2258 Et
1459 2196 1688 2272 apparuerunt
1707 2193 1782 2254 illis
1800 2193 1871 2253 dis-

215 2284 282 2346 tori
296 2286 381 2349 dixit
394 2290 501 2351 neus:
517 2294 630 2359 onere
645 2294 683 2355 tu
696 2309 845 2357 enarres
852 2298 1011 2369 justitias
1065 2312 1083 2353 ‹
1099 2294 1227 2371 pertita
1242 2294 1377 2370 linguae,
1396 2294 1565 2370 tamquam
1588 2291 1689 2368 ignis,
1716 2290 1869 2367 seditque

216 2398 325 2457 meas,
347 2388 380 2446 et
391 2392 543 2451 usmetis
559 2391 803 2455 testamentum
819 2409 935 2456 oneum
945 2410 1012 2470 per
1065 2409 1084 2452 Θ
1099 2407 1198 2469 super
1212 2392 1361 2467 singulos
1371 2406 1497 2453 aerum.
1508 2407 1527 2450 Θ
1537 2390 1650 2452 Prima
1660 2388 1782 2450 missio
1794 2388 1871 2465 Spi-

218 2495 257 2542 os
272 2482 391 2544 tuerat
405 2484 475 2564 (Ps.
491 2489 540 2560 49,
557 2488 621 2568 16.)
1066 2489 1150 2550 ritus
1164 2488 1277 2551 saneti
1299 2488 1387 2551 lacta
1410 2490 1460 2550 est
1481 2488 1516 2549 in
1527 2486 1705 2564 baptismo,
1720 2484 1869 2546 secunda

258 2579 402 2656 Spiritus
427 2585 567 2648 Sanetus
589 2602 667 2663 erge
692 2588 818 2652 effusus
841 2590 1013 2667 estsuper
1066 2586 1101 2647 iu
1126 2587 1383 2658 resurrectione,
1407 2585 1507 2648 tertia
1533 2583 1569 2645 in
1597 2585 1808 2645 Pentecoste.
1830 2584 1867 2642 In

217 2677 392 2752 Apostolos
407 2681 442 2741 in
459 2682 567 2758 igneis
580 2685 1013 2765 lingnis‚inquetlguraba·
1066 2685 1173 2763 prima
1205 2683 1363 2745 missione
1397 2682 1511 2744 audita
1543 2683 1594 2743 est
1619 2696 1686 2742 vex
1716 2679 1829 2741 Patris
1856 2695 1865 2738 :

218 2772 284 2845 tur,
301 2777 379 2850 quia
395 2779 537 2853 Spiritus
556 2785 696 2845 Sanetus
712 2801 793 2862 ques
812 2786 1010 2863 repleverat,
1065 2782 1160 2844 «ilie
1182 2784 1232 2843 est
1246 2780 1351 2842 Filius
1370 2796 1463 2842 maus
1482 2778 1622 2841 dilectus
1643 2778 1681 2838 in
1703 2792 1771 2853 que
1786 2774 1866 2836 mihi

218 2865 298 2932 feeit
311 2872 466 2936 ardentes
480 2876 516 2937 iu
529 2877 701 2952 charitate,
719 2883 751 2943 et
770 2882 962 2960 eloquentes
977 2883 1011 2943 in
1066 2897 1084 2938 ‹
1099 2879 1183 2941 bene
1192 2877 1388 2955 cemplacui.
1400 2894 1419 2937 Θ
1432 2878 1469 2938 ln
1483 2875 1626 2937 secunda
1640 2874 1804 2935 missione
1815 2889 1868 2934 au·

218 2980 386 3047 sermone:
410 2971 490 3036 lacit
508 2975 660 3039 ardentes
679 2979 715 3039 in
734 2978 917 3055 charitate:
934 2980 1011 3057 quid
1066 2977 1170 3039 ditum
1186 2977 1236 3039 est
1251 2975 1390 3038 verbum
1406 2974 1484 3036 Filii
1498 2995 1506 3034 :
1521 2972 1699 3050 «Accipite
1707 2971 1866 3049 Spiritum

218 3066 269 3127 est
291 3067 438 3131 charitas
452 3071 518 3132 nisi
540 3076 655 3136 amori
669 3079 716 3138 De
733 3093 798 3155 qua
812 3078 1010 3155 Apostolus:
1066 3091 1085 3135 Θ
1101 3075 1268 3135 Sanctum.
1284 3076 1428 3145 Quorum
1441 3070 1639 3133 remiseritis
1651 3071 1805 3147 peecata,
1815 3085 1867 3129 re-

215 3166 309 3226 Deus
325 3169 478 3230 ebaritas
491 3172 542 3233 est
564 3170 594 3251 (Ι
612 3175 707 3235 teau.
724 3177 779 3248 IV,
796 3175 860 3255 16).
877 3178 918 3237 Et
931 3175 1013 3236 alibi
1066 3190 1085 3232 Θ
1099 3171 1274 3233 mittuntur
1287 3171 1348 3232 eis.
1364 3187 1383 3230 Θ
1398 3173 1435 3231 lu
1449 3168 1548 3231 tertia
1559 3167 1721 3228 missione
1735 3165 1865 3226 auditus

217 3262 325 3323 idem:
343 3267 503 3329 Charitas
516 3272 580 3330 Dei
591 3271 719 3346 diffuse
738 3274 791 3334 est
805 3276 1014 3336 tricordibus
1067 3270 1117 3331 est
1131 3284 1233 3329 sonus
1249 3268 1401 3344 Spiritus,
1415 3267 1503 3343 quia,
1519 3263 1655 3326 «iaetus
1668 3265 1721 3325 est
1733 3264 1867 3339 repente

217 3361 347 3423 nestris
362 3367 613 3440 perspiritum
632 3371 808 3442 Sanctum,
824 3370 891 3445 'qui
911 3372 1013 3433 detes
1067 3366 1141 3428 cde
1156 3366 1239 3428 eoele
1257 3381 1359 3427 sonus
1376 3365 1545 3440 tamquam
1563 3361 1777 3423 advenientis
1802 3359 1868 3436 spi-

218 3459 271 3519 est
281 3463 378 3522 nobis
393 3459 502 3539 (Rom.
519 3481 551 3536 v,
566 3463 611 3544 5).
629 3466 832 3530 Facitetiam
847 3468 1011 3547 elequeu-
1067 3465 1186 3526 ‹ritus
1208 3462 1425 3525 vehementis.
1450 3478 1469 3520 Θ
1490 3462 1528 3521 In
1549 3460 1614 3521 hae
1637 3474 1719 3534 ergo
1744 3456 1866 3534 trillissi

218 3554 268 3615 tes
283 3556 319 3616 in
343 3573 506 3633 sermone,
532 3562 622 3638 quia,
642 3579 718 3625 cum
734 3565 883 3641 Apostoli
902 3566 1013 3627 essent
1067 3562 1226 3624 missione
1236 3560 1349 3622 audita
1362 3560 1483 3621 estrex
1496 3553 1765 3628 Patris,verbum
1778 3554 1863 3625 Filii,

217 3650 341 3726 idiotae,
358 3656 1011 3736 subitoaeceperuntemnemscientiam,
1067 3660 1101 3722 et
1120 3675 1223 3722 sonus
1247 3658 1405 3735 Spiritus,
1431 3655 1467 3717 ut
1487 3670 1548 3731 per
1569 3654 1634 3715 bec
1656 3651 1862 3721 ostendatur,

218 3748 253 3810 et
262 3751 408 3812 emnium
420 3753 609 3828 linguarum
621 3758 784 3820 notitiam.
795 3760 889 3821 Unde
903 3761 938 3821 in
949 3765 1015 3822 Ac·
1068 3758 1154 3837 qued
1167 3755 1353 3818 Paraclitus
1367 3755 1430 3816 iste
1440 3753 1562 3814 missus
1573 3752 1624 3813 est
1632 3750 1863 3828 spiritualiter,

218 3843 307 3905 tibus
316 3848 566 3923 Apostolorum:
581 3869 600 3911 Θ
613 3855 791 3930 Coeperunt
804 3857 895 3934 loqui
910 3859 1013 3919 variis
1069 3871 1134 3917 nen
1163 3853 1269 3916 selum
1290 3868 1311 3913 a
1337 3851 1437 3912 Patre
1459 3851 1492 3912 et
1516 3849 1613 3922 Filio,
1640 3848 1698 3909 sed
1722 3847 1866 3909 etiams

220 3941 356 4020 linguis,
370 3949 468 4023 prout
483 3948 627 4026 Spiritus
640 3952 781 4014 Sanetus
792 3953 892 4016 dabat
902 3955 1013 4032 eloqui
1068 3953 1189 4029 seipse,
1206 3951 1283 4028 quia
1298 3948 1442 4010 indivisa
1459 3949 1536 4008 sunt
1548 3961 1650 4023 opera
1661 3944 1845 4006 Trinitatis.

219 4039 298 4102 illis.
315 4060 334 4102 Θ
347 4042 431 4123 (Aet.
448 4061 484 4117 11,
507 4046 553 4126 4.)
566 4048 659 4111 Unde
671 4050 706 4110 in
721 4051 901 4128 Evangelio
916 4056 1015 4116 :Non
1108 4040 1865 4119 Iudieautemnestraeresurreetienis,quande

219 4142 313 4201 euim
324 4157 385 4203 ves
397 4143 491 4216 estis,
507 4149 566 4218 qut
581 4150 769 4221 teqetmtnt,
784 4153 846 4211 sed
867 4152 1015 4225 spiritus
1069 4146 1250 4209 seeundum
1261 4144 1392 4215 isaiam,
1407 4142 1596 4204 effundetur
1608 4156 1711 4217 super
1722 4138 1866 4215 nesspi-

218 4237 341 4300 Petris
354 4242 473 4313 vestri,
486 4246 544 4316 qui
559 4246 710 4320 loquitur
724 4249 760 4308 tn
772 4250 866 4310 vobis
882 4246 1012 4327 (Mattb.
1068 4246 1153 4307 ritus
1163 4245 1203 4305 de
1213 4242 1357 4314 excelse,
1367 4237 1866 4317 Spiritusapparebitsuperem·

219 4350 254 4405 1.
270 4333 336 4414 20)·
1069 4358 1129 4403 nes
1139 4341 1243 4405 bones
1253 4340 1289 4400 in
1300 4338 1407 4415 igneis
1423 4336 1558 4412 linguis,
1570 4335 1649 4412 quia
1664 4333 1746 4395 beni
1759 4332 1867 4393 lauda·

259 4434 448 4498 Notandum
462 4439 513 4500 est
524 4439 646 4512 autem,
659 4441 745 4518 quod
758 4441 901 4519 Spiritus
916 4444 1016 4504 Sanc·
1068 4437 1300 4501 buntDeumin
1308 4433 1462 4513 perfectis
1472 4430 1660 4494 actionibus
1670 4431 1863 4507 gratiarum.

221 4530 274 4591 tus
297 4532 333 4592 in
349 4533 473 4610 triplici
502 4538 613 4612 specie
636 4537 758 4614 legitur
783 4554 857 4601 esse
880 4539 1012 4600 missus.
1069 4540 1154 4600 Nam
1179 4537 1288 4611 igneae
1314 4534 1437 4608 linguae
1464 4529 1646 4592 secundum
1668 4527 1865 4604 anagogiam

220 4628 345 4701 Primo,
373 4630 540 4705 videlicet,
569 4634 605 4694 in
627 4635 789 4707 columba,
811 4637 956 4698 secunde
980 4638 1014 4697 in
1069 4633 1259 4711 significant
1283 4630 1400 4693 laudes
1427 4628 1617 4689 sanctorum
1639 4626 1673 4687 et
1693 4625 1864 4687 bonerum

219 4721 312 4795 ilatu,
337 4726 435 4788 tertie
450 4730 560 4790 autem
576 4731 612 4791 in
628 4731 715 4807 igne.
736 4733 881 4794 Necesse
896 4733 960 4794 luit
979 4734 1015 4795 ut
1070 4731 1213 4810 Spiritus
1225 4725 1527 4791 administratorios
1542 4725 1593 4785 est
1606 4721 1750 4800 quilibet
1770 4737 1867 4797 ange·

222 4817 294 4880 istis
307 4820 412 4882 tribus
430 4825 536 4887 medie
553 4827 740 4891 mitteretur
753 4830 896 4906 Spiritus
910 4833 1016 4892 Sane-
1069 4831 1121 4891 lus
1134 4828 1252 4899 benus,
1268 4825 1325 4903 qui
1340 4824 1482 4886 mittitur
1495 4822 1531 4883 iu
1545 4820 1776 4883 ministerium
1788 4835 1863 4880 nes·

221 4915 275 4975 tus
298 4916 499 4983 bominibus,
529 4925 566 4983 ln
590 4924 742 4987 columba
768 4927 857 4987 enirn
881 4928 1016 4990 notatur
1068 4929 1130 4990 trae
1145 4925 1273 4987 salutis.
1298 4922 1391 4984 Unde
1405 4919 1583 4998 Apostolus
1598 4918 1680 4979 dicit
1698 4917 1741 4978 de
1763 4932 1864 4993 ange·

221 5011 362 5087 benitas,
377 5016 413 5077 ln
435 5017 516 5079 llatu
540 5020 697 5096 potestas,
713 5023 748 5084 iu
762 5023 839 5101 igne
854 5026 1015 5102 operandi
1069 5025 1111 5086 lis
1133 5045 1141 5084 :
1167 5025 1291 5085 Omnes
1309 5019 1391 5081 sunt
1407 5016 1704 5079 administratorii
1725 5014 1865 5089 :pastae

221 5112 386 5175 voluntas.
407 5115 520 5178 Primo
534 5132 671 5179 neeesse
685 5120 744 5193 est,
759 5123 797 5184 ut
812 5122 900 5184 adsit
918 5122 1017 5183 boni·
1070 5127 1107 5185 in
1127 5120 1360 5182 reinbtertum
1375 5119 1474 5177 missi
1484 5114 1631 5190 prepter
1645 5126 1715 5183 ees,
1732 5115 1793 5186 qui
1802 5116 1867 5173 be-

222 5210 285 5282 tas,
308 5215 484 5290 antequam
511 5215 607 5276 detur
637 5218 799 5293 potestas,
825 5220 903 5297 quia
936 5220 1016 5282 dicit
1069 5220 1254 5283 reditetem
1268 5213 1542 5290 captentsetutts
1557 5208 1866 5290 (Hebr.1,1d).0m·

222 5307 495 5373 Eeelesiastieus:
515 5316 594 5375 Noti
607 5330 766 5388 quaerere
792 5319 872 5390 (tert
888 5321 1013 5390 judee,
1070 5333 1129 5379 nes
1155 5313 1267 5391 angeli
1295 5312 1373 5372 sunt
1407 5308 1544 5387 spiritus
1572 5305 1863 5375 administratorii,

223 5406 293 5464 nist
303 5411 415 5479 pessis
433 5411 564 5473 virtute
578 5415 777 5486 irrumpere
791 5417 828 5475 in
845 5416 1014 5489 iniquite-
1070 5413 1166 5485 idest,
1178 5408 1465 5481 administrantes:
1480 5405 1559 5482 quia
1568 5403 1807 5465 administrant
1817 5417 1866 5463 ue·

226 5498 276 5560 tes
292 5501 405 5579 (Eeeli.
424 5521 482 5578 un,
498 5509 540 5586 6).
562 5511 662 5580 Quasi
681 5510 805 5572 diceret
821 5532 829 5571 :
843 5512 911 5572 noli
926 5513 1017 5574 acei-
1069 5513 1121 5575 bis
1134 5510 1281 5573 divinam
1296 5505 1450 5584 gratiam,
1467 5503 1521 5565 vel
1536 5498 1759 5563 illuminando
1773 5499 1864 5562 eorda

225 5609 303 5668 pere
319 5601 512 5673 potestatem
536 5605 600 5666 nisi
624 5607 717 5685 prius
740 5606 864 5672 habeas
885 5608 1016 5673 benita-
1071 5610 1196 5682 nestra,
1220 5606 1274 5671 rel
1295 5601 1510 5668 custodiendo
1530 5616 1590 5661 nes
1609 5614 1630 5661 a
1649 5597 1824 5676 periculis:
1838 5596 1866 5659 et
