3952 6188
68 309 135 373 729
262 375 265 379 ‚
708 304 754 368 IN
776 305 924 368 aspira
944 304 1113 368 amelin.
1675 315 1735 377 730

72 467 265 533 evademus
296 465 494 530 sententiam
526 466 660 528 aeterna
688 466 878 528 damnatio·
933 467 1082 544 tempore
1103 466 1266 529 metamus
1289 465 1413 530 honum
1437 466 1522 547 quod
1547 469 1732 535 seminari·

69 569 138 630 nis.
172 567 226 628 ad
253 567 386 627 reniam
407 565 650 636 inveniendam,
674 564 764 642 quia,
794 564 881 626 sicut
934 580 1019 625 mus.
1035 565 1182 627 Vocatur
1202 566 1314 627 autem
1335 566 1462 643 primus
1476 568 1572 645 panis
1588 571 1733 631 carnalis

69 668 215 743 Moyses
239 664 459 742 quadraginta
487 662 601 724 diebus
623 665 780 740 jeJunans
810 663 878 723 im·
934 662 987 723 rel
1009 664 1203 738 corporalis,
1227 664 1394 725 secundus
1411 666 1596 739 rationalis,
1612 667 1732 729 tertius

70 763 226 841 petrarlt
260 762 393 824 reniam
423 761 560 838 populo,
588 761 636 822 ita
661 777 722 822 nos
751 760 881 822 obtine-
935 760 1130 836 spiritualis.
1154 762 1197 822 Hi
1219 763 1297 823 sunt
1315 777 1418 838 panes
1440 765 1508 841 qui,
1522 766 1650 842 quoties
1672 765 1733 827 de·

70 862 188 923 bimus
216 860 350 923 reniam
382 861 593 937 peccatorum
624 860 813 921 nestrorum
845 858 881 919 in
935 858 1022 930 sunt,
1046 861 1148 920 aDeo
1174 860 1344 936 quaerendi
1369 862 1456 922 sunt.
1475 862 1594 925 Merito
1621 864 1732 925 antem

73 958 140 1020 hoc
173 957 457 1035 quadragesimali
485 956 625 1035 jejunio.
659 957 708 1017 hd
739 956 881 1032 gratiam
934 956 1003 1017 tres
1014 956 1219 1032 quaeruntur,
1230 957 1309 1033 quia
1319 957 1387 1018 tres
1396 960 1569 1021 reficiendi
1579 962 1732 1037 veniunt;

73 1055 361 1132 consequendam,
376 1055 455 1131 quia
476 1055 562 1116 sicut
582 1054 692 1130 angeli
707 1053 881 1115 ministra·
935 1054 1047 1114 anima
1062 1054 1158 1130 quasi
1172 1054 1235 1127 vir,
1248 1070 1326 1116 caro
1338 1057 1433 1132 quasi
1446 1061 1581 1135 conjux,
1596 1060 1733 1135 spiritus

72 1150 879 1228 reruntDominopostjejuniumettoniationem
935 1151 1027 1213 velut
1051 1152 1224 1229 utriusque
1250 1154 1461 1215 vernaculus.
1487 1157 1528 1216 nt
1552 1155 1734 1219 notandum

370 1251 376 1262 c
403 1251 409 1262 n

74 1250 123 1313 ita
148 1249 185 1311 et
210 1249 346 1327 peracto
363 1249 493 1326 jejunio
513 1248 625 1324 angeli
646 1246 882 1309 ministrabunt
936 1248 1021 1325 quod
1034 1249 1173 1309 nonaii:
1191 1253 1247 1320 da,
1270 1253 1331 1311 sed
1354 1255 1532 1313 commoda
1556 1251 1639 1312 mihi
1662 1254 1730 1314 ires
1844 1300 1845 1304 η

75 1346 177 1408 nohis
216 1339 433 1408 invisibiliter
465 1347 607 1421 gratiam
643 1345 801 1407 divinam.
832 1344 881 1405 Ad
935 1358 1039 1420 panes
1054 1344 1150 1420 quasi
1163 1344 1366 1418 redditurus,
1384 1346 1463 1423 quia
1477 1347 1634 1408 sacerdos
1648 1363 1732 1424 pec-

75 1444 226 1522 gloriam
239 1443 503 1522 promerendam,
521 1443 599 1521 quia
621 1443 708 1504 sicut
723 1442 881 1504 Dominus
934 1440 1041 1502 catori
1072 1441 1293 1503 convertendo
1317 1441 1414 1504 debet
1437 1443 1569 1520 quidem
1591 1446 1734 1521 gratiam

76 1542 242 1620 apparuit
256 1540 427 1618 discipulis
438 1540 507 1601 suis
518 1541 592 1617 post
604 1540 882 1602 resurrectionem
936 1536 1096 1599 divinitus
1117 1539 1310 1616 impetrare,
1328 1539 1469 1602 fructum
1484 1557 1564 1603 vero
1586 1543 1735 1620 eJ'usdem

75 1654 137 1716 per
149 1638 228 1699 dies
243 1636 473 1715 quadraginta,
487 1637 535 1699 ita
551 1636 724 1714 apparebit
738 1636 833 1698 nohis
847 1637 882 1697 in
936 1636 1054 1711 gratiae
1066 1637 1222 1709 nonsibi,
1239 1636 1297 1698 sed
1312 1641 1379 1699 Deo
1394 1638 1531 1700 reterre.

75 1736 140 1798 hoc
151 1736 288 1814 jejunio
306 1735 525 1797 illuminando
540 1735 641 1797 corda
656 1736 780 1797 nostra.
978 1734 1057 1794 Sine
1072 1734 1252 1810 aviditate;
1269 1735 1348 1812 quia
1359 1739 1467 1811 major
1481 1736 1579 1813 culpa
1594 1737 1735 1803 osteum

115 1833 259 1894 Modum
283 1833 495 1895 considerare
525 1832 694 1906 dehemus,
707 1831 882 1894 comedere
936 1846 1058 1906 magno
1085 1832 1250 1895 desiderio
1281 1833 1454 1894 comedere
1487 1832 1597 1895 cibum
1622 1835 1734 1909 rilem,

78 1946 156 1992 eum
173 1947 335 1992 mensura
358 1931 430 1992 sine
453 1930 622 2003 ariditate,
644 1931 717 1992 sine
740 1929 880 2003 deliciis,
937 1944 1035 2005 quam
1067 1931 1140 1992 sine
1174 1930 1394 1992 delectatione
1422 1931 1614 2008 pretiosum.
1642 1934 1736 1995 Unde

77 2028 111 2089 et
124 2044 196 2089 non
212 2029 290 2091 ante
305 2029 433 2089 horam.
448 2030 528 2090 Cum
543 2028 796 2106 mensura,quia
815 2036 886 2089 non¹
936 2027 1051 2088 Helias
1062 2029 1206 2090 comedit
1216 2028 1380 2106 panemet
1395 2044 1529 2090 carnem
1540 2029 1613 2090 sine
1624 2030 1735 2107 culpa,

77 2124 242 2187 dehemus
264 2126 447 2199 comedere,
464 2127 530 2187 nisi
544 2126 586 2187 ad
607 2127 882 2188 sustentationem
936 2124 1033 2196 idest,
1051 2125 1123 2186 sine
1137 2124 1313 2201 aviditaie;
1328 2125 1362 2187 et
1370 2128 1459 2186 Esau
1472 2142 1532 2203 per
1543 2126 1737 2189 lenticulam

77 2225 245 2300 corporis,
263 2224 340 2302 quia
355 2224 478 2285 diffusa
492 2224 686 2285 commestio
702 2224 811 2301 portat
824 2223 884 2283 im·
936 2220 1086 2283 vendidit
1110 2223 1333 2299 primogenita
1361 2240 1433 2296 sua,
1459 2224 1556 2297 idest,
1574 2224 1735 2287 honorem

76 2322 310 2397 pedimentum
325 2320 645 2398 corporietanlmee,
659 2318 884 2397 quiapropter
938 2317 1248 2394 primogenitorum.
1259 2323 1347 2381 Esau
1358 2320 1525 2396 significat
1534 2322 1669 2397 gulosos
1680 2323 1738 2400 qui

76 2418 226 2480 nimiam
252 2419 460 2480 saturitatem
490 2417 586 2479 multi
616 2417 828 2478 infirmantur
852 2416 886 2479 et
936 2415 1085 2479 rendunt
1108 2416 1329 2493 primogenita
1352 2434 1414 2480 sua
1441 2435 1500 2495 per
1529 2418 1736 2493 lenticulam,

76 2516 187 2577 etiam
226 2515 423 2576 moriuntur.
461 2515 555 2576 Unde
590 2514 844 2577 Ecclesiasticus
873 2535 882 2574 z
938 2512 1018 2590 quia
1032 2513 1206 2589 negligunt
1214 2514 1375 2576 honorem
1389 2516 1512 2578 animas
1524 2518 1560 2580 et
1573 2519 1736 2596 corporis,

75 2613 242 2686 Propter
249 2618 429 2686 mapulam
438 2614 540 2674 multi
550 2613 885 2688 perierantmnian·
939 2612 974 2673 ut
997 2610 1207 2674 satisfaciant
1227 2613 1347 2675 renim.

77 2711 152 2771 iem
174 2711 352 2772 abstinens
375 2712 428 2773 est
450 2711 589 2784 adjiciet
610 2711 720 2774 ettam
742 2710 882 2791 (liccles.
979 2710 1058 2770 Sine
1072 2709 1221 2785 deliciis3
1239 2711 1316 2787 quia
1334 2712 1549 2788 reprehendit
1562 2713 1737 2791 Scriptura

30 2802 41 2825 “
76 2806 445 2886 xxxv11,34),idesi,
475 2810 652 2871 accrescet.
686 2808 780 2871 Unde
809 2808 883 2870 Joel
938 2806 1076 2868 delicias
1090 2808 1212 2880 carnis,
1228 2809 1315 2870 sicut
1335 2810 1387 2870 est
1407 2809 1442 2870 in
1462 2809 1563 2873 divite
1578 2810 1638 2888 qui
1654 2827 1738 2888 epu-

79 2906 249 2983 propheta
264 2926 272 2967 2
288 2908 506 2980 Sanctificate
521 2909 698 2980 jejuniam
723 2906 820 2987 (Joel.
843 2921 880 2982 11,
937 2903 1069 2966 labatur
1078 2905 1225 2983 quotidie
1235 2904 1417 2985 splendide.
1429 2909 1504 2968 Non
1514 2910 1592 2970 ante
1603 2909 1735 2986 horam3

80 3002 145 3083 15).
160 3003 336 3080 Jejunium
348 3004 558 3066 sanctificare
572 3005 623 3066 est
636 3020 710 3065 cum
725 3019 882 3065 mensura
937 3003 1015 3080 quia
1047 3004 1209 3066 Jonathas
1241 3005 1299 3082 qui
1332 3005 1432 3066 solrit
1460 3006 1626 3083 ieiunium
1660 3008 1739 3069 ante

82 3101 115 3162 ct
135 3100 214 3161 sine
237 3100 395 3163 ariditate
420 3102 613 3177 comedere3
640 3101 789 3179 alioquin
815 3116 882 3164 non
937 3100 1067 3172 horam,
1084 3102 1215 3177 accepit
1236 3102 1435 3163 sententiam
1461 3102 1610 3164 mortisa
1625 3104 1735 3166 Patre.

80 3198 299 3259 estsanctum
309 3198 485 3276 jejunium,
502 3200 559 3261 sed
574 3199 791 3260 immundum.
937 3197 1051 3259 Item:
1083 3200 1170 3259 Onne
1191 3199 1377 3270 innotatis,
1407 3200 1512 3260 notite
1543 3200 1624 3271 iteri
1649 3202 1739 3262 stent

120 3298 169 3356 De
197 3296 310 3356 anima
344 3295 424 3357 dicit
452 3297 650 3358 ieremias:
678 3297 883 3372 «Princeps
937 3283 1124 3367 nvpoeriiae'
1151 3295 1281 3355 tristes.
1307 3297 1395 3356 Cam
1417 3297 1590 3369 janneio
1592 3339 1652 3357 .....
1681 3298 1740 3360 sn

83 3406 200 3454 eorum
217 3392 382 3454 destruxit
400 3408 513 3453 muros
536 3393 721 3455 Jerusalem
735 3408 765 3465 n,
784 3393 881 3465 idest,
934 3391 1100 3468 jeJ‘unium
1120 3391 1303 3468 corporale,
1321 3392 1361 3453 de
1376 3409 1441 3469 quo
1459 3397 1612 3466 :jejunio
1631 3397 1682 3456 bis
1701 3398 1739 3457 in

83 3490 225 3552 virtutes
248 3490 381 3551 animas.
405 3489 549 3551 sienim
568 3504 725 3551 mensura
751 3490 786 3550 in
808 3490 884 3552 cibo
938 3489 1088 3550 Sabatia.
1098 3490 1156 3550 Est
1169 3489 1353 3566 spirituale,
1362 3490 1404 3552 de
1417 3507 1481 3568 quo
1493 3492 1598 3552 lsaias
1612 3496 1740 3555 :Nani-

85 3589 115 3651 a
146 3589 231 3667 potu
268 3603 336 3649 non
370 3589 518 3661 tenetur,
546 3588 612 3650 cito
644 3588 751 3651 uirtus
781 3589 885 3650 casti·
938 3589 1019 3660 atad
1034 3586 1100 3648 tate
1114 3588 1352 3660 erijejuninrn
1365 3592 1453 3664 qnod
1469 3588 1565 3666 alepi,
1579 3592 1738 3668 effligere

86 3686 159 3748 tatis
176 3686 349 3764 polluitur.
367 3686 451 3756 Quia
463 3686 549 3747 sicut
561 3686 721 3747 Dominus
736 3702 796 3763 per
808 3689 885 3747 Eae·
938 3687 1113 3745 nominent
1123 3699 1190 3759 per
1202 3689 1297 3747 aiem
1309 3690 1465 3748 animiam
1479 3703 1590 3760 snam,
1606 3690 1643 3750 ei
1656 3704 1739 3752 can·

86 3780 226 3842 chielem
245 3781 294 3842 ait
310 3802 317 3840 ε
334 3780 504 3854 iniqnitas
526 3783 683 3843 Sodoma
700 3783 768 3857 snit
781 3783 882 3844 satu·-
941 3781 1102 3854 toronae
1131 3787 1231 3856 quasi
1253 3788 1422 3847 ananam
1443 3786 1740 3861 montisaenei

87 3878 173 3939 ritas
189 3881 297 3952 pariis
319 3877 454 3957 (Ezech.
485 3893 553 3950 xrs,
585 3876 650 3957 49).
676 3880 823 3941 Veniens
841 3879 882 3939 ad
936 3892 1076 3940 taccam
1093 3880 1128 3941 ei
1152 3884 1308 3943 cinerem
1325 3883 1485 3945 sternere
1508 3881 1566 3963 (Is.
1580 3899 1673 3957 arur,
1689 3882 1737 3965 5).

87 3988 144 4035 uos
170 3975 211 4038 de
237 3975 293 4037 via
319 3975 433 4036 noster
455 3975 598 4047 amicus,
623 3976 720 4049 idest,
743 3976 883 4054 quilibet
936 3979 1060 4038 Nonne
1073 3981 1135 4039 hoc
1149 3980 1201 4040 est
1214 3982 1513 4056 maptsjejnntnm
1527 3985 1738 4057 qnodeiegtt

89 4085 267 4135 conversus
295 4073 478 4150 proximus,
503 4073 610 4135 albus
635 4072 775 4150 panthus
803 4074 884 4136 reil-
936 4076 1091 4136 dissolve
1104 4077 1317 4151 manatione
1339 4065 1539 4151 impetens,
1552 4083 1646 4140 solve
1660 4081 1737 4152 sas-

89 4168 222 4231 ciendus
245 4171 304 4232 est.
329 4170 461 4231 Primus
476 4170 573 4247 panis
608 4173 660 4231 est
678 4172 882 4256 continentia
937 4175 1061 4234 enum
1079 4174 1349 4244 deprimentes...
1367 4172 1481 4253 (lhid.)
1498 4175 1538 4237 de
1557 4192 1622 4253 quo
1637 4175 1739 4237 etiam

89 4280 150 4341 qua
172 4268 387 4344 restringitur
415 4283 550 4344 corpus,
578 4282 620 4327 ne
644 4266 800 4345 deinceps
824 4284 885 4345 per
939 4269 1096 4329 Dominus
1116 4269 1213 4331 attin
1230 4271 1411 4346 Evangelio
1430 4294 1438 4331 z
1455 4273 1735 4344 Gnmjejanaiis,

90 4364 274 4427 mortiferas
290 4365 413 4427 defluat
427 4364 624 4440 voluptates.
649 4365 819 4426 Secundus
834 4368 885 4428 est
938 4365 1041 4426 notite
1055 4366 1135 4438 sieri
1154 4367 1243 4428 sicat
1261 4366 1449 4453 hypocrita
1469 4368 1589 4429 tristes
1604 4366 1735 4446 (Matth.

90 4456 277 4534 humilitas,
310 4477 374 4539 qua
402 4462 588 4523 instituitur
618 4461 744 4534 anima,
769 4478 812 4524 ne
843 4463 884 4524 de
938 4479 983 4534 rr,
998 4464 1061 4543 16).

91 4553 159 4631 ipsa
171 4560 379 4622 continentia
394 4557 573 4636 superbiat.
590 4558 722 4620 Tertius
742 4562 794 4621 est
815 4559 886 4620 ser·
978 4561 1047 4620 Nec
1062 4559 1227 4623 immerito
1244 4558 1466 4637 quadraginta
1481 4560 1597 4622 diebus
1613 4562 1646 4624 et
1660 4577 1739 4641 qua·

91 4667 148 4715 ror
171 4656 345 4719 charitatis
382 4672 446 4733 quo
479 4655 672 4718 accenditur
695 4658 882 4735 utrumque,
939 4657 1092 4733 draginta
1113 4657 1276 4718 noctibus.
1300 4658 1358 4719 Est
1379 4659 1468 4719 enim
1485 4659 1557 4720 dies
1573 4660 1739 4735 temporis

92 4748 182 4825 idest,
198 4770 320 4832 corpus
333 4755 366 4816 et
381 4755 505 4825 anima,
522 4755 559 4816 ut
572 4755 758 4816 castitatem
772 4758 886 4818 custo·
938 4754 980 4817 de
1007 4770 1072 4833 quo
1099 4754 1222 4816 dicitur
1252 4776 1260 4816 ι
1291 4759 1482 4830 apparant
1509 4762 1619 4821 lacem
1646 4760 1738 4822 aiem

95 4845 158 4911 diat
188 4852 460 4929 perseverantem
495 4852 529 4913 et
560 4851 792 4915 humilitatem.
824 4854 884 4915 His
940 4852 1035 4932 (Gen.
1060 4868 1083 4924 1,
1104 4850 1139 4931 5)
1164 4854 1197 4915 et
1220 4854 1461 4939 prosperitatis,
1490 4855 1533 4917 de
1557 4872 1622 4934 quo
1645 4872 1738 4932 :per

94 4942 192 5009 trihus
205 4949 398 5022 virtutihus,
414 4950 511 5021 idest,
528 4950 691 5023 castitate,
707 4950 883 5026 charitate,
938 4955 1030 5013 aiem
1047 4957 1098 5014 soi
1110 4967 1180 5013 non
1193 4952 1275 5015 acet
1299 4952 1332 5013 te
1354 4952 1424 5032 (Ps.
1440 4955 1509 5028 120,
1525 4952 1570 5034 6).
1587 4955 1629 5017 st
1648 4957 1739 5017 Pau·

96 5040 125 5101 et
143 5043 329 5110 humilitate
351 5049 509 5124 tanquam
528 5046 635 5109 trihus
650 5048 793 5124 panibus
805 5049 886 5113 reti-
939 5049 991 5111 lus
1023 5071 1031 5111 ε
1064 5052 1162 5113 Sient
1191 5055 1229 5112 in
1264 5055 1319 5113 die
1352 5055 1493 5115 honeste
1524 5054 1738 5115 amhannna

96 5138 175 5202 citur
186 5144 285 5207 homo
306 5146 419 5218 Dei,et
436 5145 614 5207 roboratur
632 5146 683 5214 ut,
704 5147 885 5209 secundum
940 5147 1049 5228 (Rom.
1074 5164 1153 5221 1111,
1182 5147 1234 5227 13)
1259 5146 1292 5210 et
1314 5150 1509 5212 aeternitatis
1531 5149 1573 5210 de
1595 5164 1658 5226 quo
1681 5149 1736 5210 di-

95 5234 337 5313 Apostolum,in
352 5242 405 5304 die
424 5243 585 5305 adventus
600 5243 733 5304 Domini
754 5243 799 5306 sit
816 5245 887 5322 spi·
940 5247 1026 5308 citur
1046 5268 1053 5306 :
1077 5251 1120 5307 ln
1138 5250 1193 5308 die
1215 5250 1274 5310 iiia
1308 5264 1378 5311 non
1399 5245 1660 5322 interrogabitis
1681 5260 1738 5306 me

97 5331 175 5396 ritus
189 5339 319 5416 integer
330 5340 363 5402 et
374 5341 486 5402 anima
500 5342 534 5402 et
547 5356 698 5418 corpore.
940 5348 1126 5419 gnidpnain
1153 5342 1262 5422 (ioan.
1287 5360 1356 5417 xri,
1377 5345 1443 5424 23).
1469 5344 1526 5404 Est
1547 5343 1646 5403 etiam
1670 5342 1738 5402 nox

134 5433 290 5510 Spiritum
305 5438 417 5499 autern
431 5454 525 5506 voco,
541 5437 637 5510 idest,
653 5438 796 5515 gratiam
811 5455 886 5517 quae
939 5442 1109 5520 temporis,
1123 5442 1164 5503 de
1183 5458 1249 5520 qua
1264 5444 1297 5504 et
1308 5442 1454 5505 tenebris
1470 5441 1570 5502 discit
1585 5440 1737 5512 noctem,-

95 5525 184 5599 jlxta
206 5535 358 5597 eumdem
381 5535 574 5613 Apostolum
589 5535 886 5614 adjuvatinfirmi-
941 5540 974 5601 ei
988 5541 1200 5602 adversitatis
1216 5540 1256 5601 de
1271 5547 1348 5617 quia,
1363 5554 1470 5616 neque
1483 5543 1566 5599 luna
1574 5552 1643 5610 per
1656 5551 1739 5599 noe·

99 5622 191 5690 tatem
216 5635 375 5706 nostram,
401 5649 443 5694 ne
467 5633 670 5709 deficiamus,
695 5635 801 5699 donec
824 5652 886 5699 suo
942 5638 1012 5701 iem
1037 5637 1106 5717 (Ps.
1132 5640 1201 5711 120,
1221 5635 1268 5716 e),
1290 5639 1323 5701 et
1347 5636 1500 5715 pectoris,
1522 5634 1651 5698 scilicet
1671 5637 1738 5697 mi-
