3936 6192
606 319 762 390 QUINTA
789 317 1049 380 COMPILATIO.
1074 319 1151 381 LIB.
1176 320 1213 379 V.

315 505 528 595 libutus
567 507 657 593 XIX

177 698 219 743 na
240 694 424 745 vaasoauu
445 699 716 746 sucurrrcnnronn
740 682 798 763 (l).

16 786 17 789 Ἴ
99 818 222 885 Priori,
240 816 273 876 et
294 819 427 877 clericis
447 818 558 877 sancit
571 820 716 878 Jaartats
736 817 769 878 et
784 820 887 879 Pauli

342 922 549 983 lttdertirten
571 919 584 1000 (
607 920 632 1001 ).

398 1115 534 1177 CAPUT
555 1117 580 1176 Ι.

133 1275 237 1345 Quum
261 1273 349 1335 inter
372 1289 430 1335 uos
449 1273 573 1336 dudum
595 1274 743 1351 exparte
765 1275 888 1347 una,et

98 1370 243 1432 abbatem
265 1372 372 1433 sancti
393 1372 484 1432 Petri
502 1372 542 1432 de
556 1372 889 1449 MonteSpoletdioe-

98 1468 175 1529 cesis
199 1483 244 1528 ex
267 1468 383 1540 altera,
401 1485 502 1545 super
519 1470 618 1530 tertia
633 1470 727 1546 parte
748 1470 889 1531 oblatio-

98 1581 169 1625 num
180 1566 214 1626 et
225 1566 473 1643 possessionum
495 1567 631 1643 capellae
647 1568 753 1628 sancti
767 1567 888 1628 Hilarii

99 1664 128 1723 et
137 1660 296 1722 cellarum
309 1663 425 1738 ipsius,
437 1663 470 1723 et
479 1663 675 1740 quibusdum
690 1664 766 1724 aliis
776 1679 887 1725 eoram

97 1758 185 1818 bonae
209 1759 378 1821 memoriae
400 1757 417 1836 (
417 1760 449 1838 b)
470 1760 596 1835 angelo
620 1761 726 1822 sancti
747 1761 886 1822 Andreae

98 1854 230 1916 macone
247 1855 420 1928 cardinali,
435 1858 513 1920 tunc
523 1857 723 1919 subdiacono
733 1858 888 1934 etcapel-

97 1951 168 2013 lano
192 1951 302 2014 felicis
322 1954 564 2015 recordationis
580 1958 604 2016 1.
621 1958 732 2031 Papae,
753 1955 885 2031 praede-

97 2050 235 2111 cessoris
246 2052 363 2123 nostri,
376 2050 417 2113 ab
427 2052 542 2113 eodem
552 2052 798 2128 praedecessore
808 2069 888 2129 par-

96 2286 122 2336 et
134 2281 281 2338 voluntate
303 2281 440 2338 bonorum
460 2289 542 2339 terrae
562 2297 634 2339 meae
648 2286 773 2339 virorum
795 2281 889 2354 iuravi

95 2350 146 2406 sibi
169 2359 199 2407 et
223 2354 372 2409 Communi
388 2353 493 2409 Pisano
512 2355 724 2425 inperpetuum
751 2366 888 2408 unacum

95 2420 152 2476 uiro
166 2421 277 2477 meede
291 2437 364 2478 novo
378 2422 522 2491 tidelitate,
536 2432 620 2494 atque
632 2423 798 2479 investitura
807 2430 890 2478 terrae

94 2504 164 2546 mete
179 2506 248 2546 cnm
260 2492 320 2547 viro
335 2500 430 2548 nostro
441 2492 480 2549 ab
491 2493 592 2549 codem
605 2494 722 2549 consule
739 2508 788 2564 per
805 2491 889 2548 vexil-

93 2560 149 2616 lum
166 2562 305 2616 Pisanum
320 2570 461 2633 suscepta,
472 2571 609 2634 tanquam
622 2562 697 2619 latua
714 2569 742 2619 et
751 2563 889 2634 insipiens

94 2630 197 2701 prioris
211 2632 373 2756 duramenti
399 2632 484 2688 oblita
500 2632 604 2689 donavi
619 2632 723 2700 pariter
742 2647 806 2690 cum
827 2633 888 2689 viro

94 2715 166 2767 meo,
192 2714 208 2756 a
257 2701 422 2758 instantiam
450 2703 576 2760 coitsutis
601 2704 761 2772 memorati,
784 2704 887 2760 collem

95 2769 248 2841 quemdam
272 2785 338 2827 cum
353 2773 412 2828 suis
434 2773 619 2844 pertinentiis,
636 2774 757 2841 Pisanis,
778 2774 807 2829 in
832 2788 887 2845 quo

96 2845 191 2913 postea
207 2841 262 2912 ipsi
284 2840 496 2899 aedificaverunt
510 2843 563 2899 sibi
585 2844 806 2900 munitissimum
821 2859 886 2900 aas·

96 2918 177 2980 trum,
199 2912 227 2967 in
242 2909 379 2968 damnum
407 2920 436 2967 et
470 2914 687 2985 occupationem
709 2928 766 2969 non
793 2914 887 2970 solum

100 2988 175 3037 terrie
199 2982 207 3037 i
231 2981 300 3049 sius,
325 2981 377 3038 sed
405 2981 489 3040 tolius
512 2982 657 3040 Sardiniae.
681 2985 762 3041 Nunc
792 2992 885 3042 autam

99 3065 180 3122 quum
196 2997 232 3108 ass
243 3053 285 3107 eis
305 3066 459 3123 sperarem,
480 3053 635 3110 secundum
650 3068 702 3109 sna
727 3053 797 3110 mihi
813 3070 884 3137 prue-

100 3122 158 3178 stita
165 3122 337 3193 juramenta,
351 3125 553 3194 protectionem
572 3139 588 3180 a
604 3124 729 3196 quolibet
742 3125 798 3181 uim
813 3125 857 3181 tnl
875 3155 885 3166 ·

98 3200 183 3271 pente,
199 3207 254 3248 nee
273 3192 327 3318 issi
349 3200 463 3262 terram,
482 3195 527 3250 uel
542 3194 691 3263 bonorem,
706 3202 755 3252 aut
773 3194 888 3267 aliquod

98 3277 140 3333 Jus
159 3277 255 3319 meum
300 3262 422 3319 ebebant
436 3263 518 3331 mibi,
536 3280 586 3322 seu
601 3266 662 3321 viro
677 3280 741 3331 ineo
766 3266 887 3333 auferre,

100 3347 274 3404 quacumque
285 3333 436 3404 degcansu,
453 3335 648 3405 velminnere,
666 3343 791 3391 econtra
805 3337 886 3392 Pisa·

100 3417 194 3459 norum
210 3404 350 3472 Potestas,
361 3420 424 3477 quae
438 3420 504 3462 cum
514 3407 639 3462 maximo
656 3406 781 3461 exercitu
799 3406 885 3462 intra·

101 3473 137 3530 vit
151 3474 177 3528 in
192 3473 364 3543 Sardiniam,
382 3483 483 3548 praeter
497 3476 585 3532 multa
609 3476 725 3542 dantna,
741 3490 804 3546 quae
820 3474 889 3533 mibi

101 3551 126 3600 et
136 3542 299 3601 bominibus
314 3552 395 3602 terrae
411 3560 483 3601 mere
499 3553 558 3605 tam
572 3546 692 3613 clericis,
709 3560 794 3617 quam
809 3546 890 3602 laicis

101 3613 242 3672 crudeliter
269 3615 415 3686 intulit,}et
429 3615 557 3687 quotidie
580 3614 674 3683 interl,
688 3615 735 3687 jus
754 3623 782 3671 et
797 3616 888 3672 bono·

103 3699 155 3740 rem
170 3685 222 3741 viri
249 3687 358 3744 meiat
380 3701 476 3743 meum
498 3686 632 3742 omnibus
655 3686 727 3742 nucis
746 3685 847 3755 aufert,
862 3693 891 3743 et

102 3762 211 3812 conetur
226 3756 255 3813 in
281 3763 426 3829 posterum
441 3756 549 3813 uiribus
568 3754 698 3813 auterre:
715 3771 782 3813 nant
801 3765 829 3814 et
843 3757 888 3813 in·

103 3826 195 3899 troitus
208 3834 309 3953 gertus
328 3827 488 3900 peremnia
510 3826 564 3883 sibi
580 3825 743 3895 vindicavit,
759 3834 787 3883 et
803 3827 891 3884 vindi·

104 3903 154 3963 cat,
169 3903 196 3953 at
229 3898 343 3953 omines
366 3904 448 3955 terrae
474 3911 546 3953 inea
568 3897 678 3954 nobiles
703 3897 841 3969 capiendo
861 3907 889 3957 et

104 3968 311 4037 incarcerando,
333 3982 378 4024 me
400 3982 434 4025 ac
453 3969 514 4024 viro
540 3982 605 4024 meo
628 3967 735 4036 invitis,
751 3968 887 4041 judicium

105 4036 230 4111 aniregis
250 4046 280 4095 et
298 4038 414 4095 dornum
429 4039 567 4094 violenter
578 4039 733 4111 usurparit,
752 4046 888 4111 tanquam

105 4106 137 4161 sit
161 4107 293 4166 dominus
312 4116 394 4166 terrae
419 4108 555 4166 naturalis
579 4116 607 4166 et
630 4108 726 4181 judex.
752 4110 887 4177 Quocirca

107 4191 184 4248 quum
201 4194 257 4235 non
274 4177 477 4253 sitjmibi‚3t⁷el
495 4180 553 4235 viro
577 4194 641 4237 meo
658 4179 798 4252 retugium
813 4180 888 4237 aliud

106 4257 199 4319 preter
212 4252 316 4318 Deum,
341 4264 426 4320 quam
441 4257 576 4318 vestrum,
600 4264 654 4306 nec
671 4249 706 4306 ab
725 4252 780 4307 atio
795 4251 888 4322 aliquo

106 4334 244 4389 speramus
251 4321 347 4393 juvari
370 4335 403 4376 ac
418 4327 605 4389 manuteneri,
622 4335 707 4392 quam
721 4319 886 4392 abAposto·

106 4388 153 4445 lica
168 4392 268 4463 pietate
283 4396 346 4473 eta,
365 4399 488 4447 vestram
510 4404 596 4446 exoro
609 4389 842 4458 dominationem,
858 4397 889 4446 ut

107 4459 247 4518 subvenire
270 4460 343 4518 mibi
364 4467 393 4517 et
418 4462 478 4517 viro
502 4475 576 4529 meo,
595 4460 687 4517 servis
712 4468 740 4516 et
760 4460 888 4517 fidelibus

107 4533 208 4599 vestris,
226 4547 338 4589 necnon
356 4529 407 4587 toti
423 4530 572 4599 Sardinia,
589 4538 671 4603 prout
685 4530 786 4587 melius
799 4546 885 4602 eupe-

108 4598 160 4656 dire
169 4602 275 4659 vestre
288 4603 450 4659 sanctitatis
469 4601 602 4658 discretio
615 4600 724 4670 viderit,
738 4601 885 4672 quantoci-

108 4669 213 4738 tinnuli
226 4682 367 4745 optamus,
380 4688 437 4729 non
450 4672 655 4745 dedignemini,
672 4677 700 4727 et
713 4670 887 4729 occurrendo

108 4739 257 4811 subuenire,
274 4741 513 4814 quaemadmodum
536 4742 722 4815 sperabamus
734 4756 834 4798 secure
858 4743 886 4798 in

108 4807 214 4869 brachio
227 4814 334 4886 potenti
351 4814 539 4870 antecessoris
554 4813 651 4881 vestri,
667 4820 777 4870 tantum
799 4820 827 4869 et
852 4828 887 4870 eo

109 4883 229 4953 amplius,
254 4884 410 4941 secundum
432 4883 513 4940 vobis
539 4884 661 4966 gratiam
689 4883 725 4939 de
756 4885 887 4955 supernis

109 4953 226 5010 collatam
249 4955 276 5011 in
301 4962 402 5011 vestrae
421 4955 563 5010 servitutis
584 4953 684 5010 robore
699 4953 887 5011 confidentius

110 5018 232 5095 deinceps
247 5025 393 5082 ualeamus
404 5026 577 5096 sspersisterc.
597 5024 796 5096 supplicamns
812 5041 883 5097 prae-

111 5096 177 5151 teren
192 5096 232 5151 uir
248 5111 329 5153 meus
352 5104 565 5164 servosvester,
593 5101 621 5151 et
644 5109 710 5166 ego,
740 5103 769 5152 ut
786 5103 887 5152 vestrae

111 5161 283 5236 indulgentiae
300 5167 465 5223 auctoritate
483 5166 588 5233 habita,
603 5165 686 5221 liccat
700 5164 784 5222 nobis
796 5166 819 5222 si
837 5180 886 5223 ex·

110 5233 227 5304 pedierit,
247 5237 291 5292 vel
312 5252 375 5293 cum
390 5236 484 5309 judice
505 5236 663 5304 Turritano,
684 5242 732 5291 aut
745 5250 810 5292 cnm
836 5239 884 5293 Ja-

110 5305 211 5380 nuensi,
230 5321 281 5362 seu
304 5323 368 5363 cnm
402 5307 456 5363 alia
483 5314 569 5380 gente
595 5312 728 5362 extranea
744 5305 886 5377 pactionis

110 5372 172 5456 unire
188 5390 220 5432 ac
242 5378 384 5434 societatis
408 5377 509 5446 ioedus,
523 5384 553 5434 ut
572 5377 685 5432 vinculo
698 5375 827 5432 absoluto
840 5379 882 5433 in-

108 5451 166 5510 Justr
177 5449 342 5505 sacramenti
365 5448 475 5505 Pisanis
489 5448 614 5521 praestiti,
632 5447 774 5518 possimus
786 5447 883 5505 abeo·

110 5526 165 5589 rum
182 5517 309 5574 manibus
323 5518 446 5587 liberari,
468 5525 496 5575 at
510 5518 581 5574 eolla
595 5523 726 5573 excutere
736 5516 770 5573 ab
788 5517 885 5590 iniquo

109 5594 170 5654 iugo
195 5592 244 5643 etc.
276 5590 423 5657 praterea,
451 5588 630 5645 sanctissime
651 5590 743 5655 Pater,
767 5602 800 5645 ac
823 5605 883 5645 rne-

112 5655 206 5713 tneude
220 5659 347 5729 Domine,
363 5662 447 5715 timor
465 5665 620 5732 attremat·
636 5658 776 5715 innuimus
795 5674 885 5733 nuper

1675 327 1735 387 382

940 497 1027 558 tibus
1043 498 1193 560 auditore
1208 513 1367 559 concesso
1382 499 1520 575 quaestio
1537 499 1733 571 uerteretur,

940 595 973 655 et
984 595 1091 656 eidem
1110 595 1295 656 constiterit
1307 594 1451 656 auditori
1464 612 1487 656 a
1500 596 1596 659 vohis
1611 597 1734 674 proba·

939 694 1008 753 tum
1020 691 1415 768 luisseparquadraginta
1426 710 1531 755 annos
1547 695 1734 773 etamplius

940 789 1072 850 tertiam
1082 791 1211 865 partem
1222 788 1426 850 oblationum
1440 793 1588 868 eJ'usdem
1599 793 1736 870 capellae

940 886 1736 964 vestramecclesiamrecepisse,aclericisinsti-

940 984 1100 1060 tntisper
1125 983 1276 1045 abbatem
1300 984 1340 1044 de
1364 987 1486 1058 Monte,
1512 988 1659 1064 tuisque,
1688 987 1736 1048 tili

942 1082 1043 1157 prior,
1063 1081 1211 1143 eamdem
1225 1081 1358 1143 tertiam
1373 1083 1405 1143 te
1426 1084 1653 1147 commississe
1673 1085 1738 1145 ali-

942 1180 1072 1256 qnando
1094 1179 1312 1255 colligendam
1328 1179 1557 1257 praedecessor
1576 1181 1736 1257 praetatus

941 1276 1047 1353 ipsam
1061 1276 1193 1339 tertiam
1208 1276 1365 1338 Ecclesiae
1386 1278 1581 1338 Sanctorum
1596 1280 1736 1340 ioannis

941 1375 974 1434 et
997 1374 1094 1435 Pauli
1117 1360 1322 1451 adjudicans,
1345 1375 1459 1436 statuit
1482 1375 1519 1435 ut
1543 1375 1603 1436 tibi
1632 1376 1735 1452 priori

941 1471 1057 1531 liceret
1087 1488 1146 1548 per
1178 1472 1310 1533 eosdem
1334 1472 1472 1533 clericos
1498 1470 1599 1555 (sicut
1628 1473 1738 1534 fuerat

942 1567 1157 1648 consuetum)
1172 1571 1299 1645 partem
1324 1569 1481 1644 colligere
1507 1571 1735 1643 memoratam,

942 1666 1080 1743 proutin
1089 1666 1237 1741 ejusdem
1248 1665 1503 1742 praedecessoris
1514 1666 1634 1728 litteris
1642 1683 1738 1742 pers-

942 1763 1093 1839 peximus
1109 1763 1283 1824 contineri.
1296 1765 1419 1823 Verum
1434 1763 1511 1839 quia
1530 1763 1737 1839 postmodum

941 1859 1096 1920 sacerdos
1118 1859 1285 1935 praedictae
1305 1859 1442 1935 capellae
1462 1874 1618 1919 asserens
1639 1859 1736 1920 obla-

941 1958 1068 2017 tionum
1092 1956 1225 2017 nomine
1250 1956 1386 2016 minime
1410 1957 1574 2018 contineri
1598 1972 1637 2017 ea
1664 1973 1737 2033 quae

941 2054 1006 2130 ipsi
1021 2053 1160 2129 capellae
1179 2054 1214 2114 in
1236 2052 1416 2115 testivitate
1432 2054 1578 2114 omnium
1594 2054 1738 2115 Sancto-

944 2289 1083 2339 uenerunt
1103 2296 1251 2355 superine,
1270 2297 1302 2338 ac
1312 2289 1430 2339 cunctos
1443 2288 1524 2339 terrm
1540 2297 1622 2351 mete,
1638 2298 1689 2354 pro
1703 2297 1738 2339 eo

944 2351 1019 2423 qnod
1034 2353 1088 2424 ipsi
1109 2352 1236 2423 saepefati
1254 2351 1345 2409 Pisani
1361 2367 1419 2409 non
1437 2353 1530 2410 solum
1548 2353 1584 2409 de
1602 2368 1676 2409 novo
1691 2353 1735 2409 in·

943 2423 1059 2491 saltant,
1072 2432 1101 2480 et
1110 2424 1192 2479 valde
1206 2438 1238 2479 se
1246 2423 1365 2495 jactant,
1385 2438 1485 2480 verum
1499 2424 1586 2480 etiarn
1599 2431 1734 2481 constan-

943 2494 1053 2550 tissime
1090 2500 1258 2550 asseverant
1292 2500 1416 2553 castrum
1445 2493 1513 2550 illud
1547 2502 1735 2551 memoratum

945 2571 1036 2636 vestra
1058 2564 1161 2635 gratia,
1178 2564 1335 2620 voluntaria
1351 2571 1378 2619 et
1395 2565 1518 2636 gratuita
1539 2565 1684 2621 voluntate
1707 2564 1737 2619 in

943 2648 995 2690 suo
1007 2633 1107 2690 robore
1121 2640 1153 2690 ut
1173 2632 1321 2691 fundatum
1345 2640 1397 2702 est,
1423 2641 1450 2691 et
1469 2641 1604 2707 perpetua
1624 2634 1737 2692 duratu-

943 2718 1005 2761 rum
1026 2703 1172 2774 firmitate3
1202 2704 1322 2777 quodsi
1349 2719 1447 2761 verum
1475 2712 1528 2773 est,
1561 2703 1636 2777 quod
1663 2705 1737 2762 absit

943 2789 999 2830 non
1012 2774 1104 2831 solum
1119 2774 1165 2846 jus
1178 2781 1206 2831 et
1217 2774 1374 2832 dominium
1390 2789 1496 2843 meum,
1513 2781 1737 2848 cunctorumque

943 2844 1079 2901 Sardiniae
1102 2844 1230 2917 judicum
1251 2861 1287 2902 ex
1307 2853 1364 2903 toto
1383 2846 1521 2902 violenter
1536 2844 1736 2918 occupabunt:

942 2930 1040 2972 verum
1068 2917 1155 2973 ettam
1177 2918 1239 2988 ipsa
1254 2924 1435 2974 sacrosancta
1451 2918 1579 2973 Romana
1595 2917 1734 2985 Ecclesia,

942 3000 999 3041 non
1021 2985 1084 3043 dico
1099 2988 1201 3055 trullas,
1216 2986 1266 3044 sed
1281 2986 1363 3043 valde
1382 2986 1509 3043 modicas
1522 2988 1551 3043 in
1563 2993 1621 3042 tota
1638 2987 1734 3044 Sardi·

943 3054 988 3113 nia
1004 3058 1048 3113 sui
1061 3056 1133 3129 juris
1146 3058 1222 3113 vires
1235 3056 1361 3124 babebit,
1375 3057 1420 3113 vel
1431 3055 1572 3113 dominari
1587 3058 1689 3128 poterit
1704 3058 1734 3113 in

942 3139 986 3196 oa,
1014 3135 1044 3184 ut
1069 3128 1137 3184 olim
1159 3128 1323 3184 consuevit:
1340 3141 1408 3183 nam
1429 3126 1455 3181 si
1479 3125 1561 3183 bonae
1586 3128 1734 3183 memoriae

943 3198 1080 3269 magistro
1100 3198 1193 3254 blasio
1206 3198 1355 3254 Turritano
1367 3193 1582 3320 archiegiscopo
1597 3195 1633 3251 ad
1653 3198 1734 3254 Cala-

942 3267 996 3323 rim
1012 3268 1154 3334 veniente,
1180 3282 1231 3338 pro
1253 3281 1288 3322 eo
1314 3265 1389 3337 quod
1416 3280 1462 3321 cre
1483 3265 1583 3321 ebatur
1609 3264 1645 3321 ab
1667 3266 1738 3337 ipsis

943 3337 1113 3407 apostolica
1128 3337 1339 3408 Sedislegatus,
1354 3335 1457 3391 multas
1465 3335 1582 3407 injurias
1593 3348 1626 3390 ac
1638 3338 1737 3392 mortis
1831 3364 1835 3371 ·

943 3408 1037 3462 minas
1060 3407 1189 3477 nequiter
1209 3406 1371 3470 intulerunt,
1394 3419 1481 3476 quum
1508 3418 1564 3461 oon
1584 3412 1681 3461 esseut
1707 3407 1737 3463 in

945 3475 1106 3533 tortitudine
1116 3477 1208 3548 aliqua
1224 3476 1378 3544 constituti,
1392 3476 1480 3533 multo
1491 3472 1590 3532 lortius
1603 3489 1637 3531 ac
1647 3475 1734 3533 velie-

945 3546 1067 3603 mentius
1082 3546 1255 3603 credendum
1270 3553 1323 3615 est,
1340 3546 1446 3602 nullum
1467 3546 1495 3602 in
1513 3553 1657 3618 posterum
1682 3547 1736 3604 lta·

945 3632 1037 3673 manae
1048 3617 1129 3675 Sedis
1138 3618 1281 3686 nuntium,
1297 3625 1345 3673 eut
1355 3617 1441 3673 etiam
1451 3616 1578 3688 legatum
1588 3617 1675 3673 aliurn
1688 3618 1736 3690 qui

945 3702 1001 3744 non
1014 3688 1050 3744 sit
1060 3689 1190 3757 Pisanus,
1200 3703 1284 3760 posse
1299 3702 1366 3745 suas
1375 3687 1450 3744 vires
1460 3687 1533 3744 inter
1547 3702 1598 3744 eos
1610 3702 1645 3745 ex
1667 3689 1734 3758 lere,

945 3759 1085 3830 praecipue
1100 3774 1187 3831 quum
1199 3760 1256 3815 sint
1275 3758 1360 3815 modo
1373 3758 1401 3815 in
1414 3772 1478 3815 arce
1490 3703 1735 3830 roborisrad'icati,

944 3835 972 3885 et
984 3829 1012 3884 in
1025 3832 1140 3912 specula
1151 3829 1291 3902 superbiae
1307 3827 1559 3901 apudsemetipsos
1574 3828 1736 3887 firmissime

945 3898 1061 3969 lundatl,
1077 3906 1127 3958 etc.
1148 3902 1264 3958 Terram
1283 3914 1353 3972 ergo
1378 3899 1463 3956 istam
1489 3908 1519 3957 ut
1533 3900 1636 3970 velitis,
1660 3899 1734 3956 ordi-

944 3977 1048 4027 nate.)

978 4041 1040 4099 'lria
1057 4042 1085 4098 in
1099 4041 1154 4100 hac
1166 4041 1285 4114 epistola
1302 4039 1424 4097 notanda
1441 4047 1524 4096 sunt:
1542 4039 1734 4111 Primumju·

944 4111 1067 4169 dicatum
1083 4113 1273 4171 calaritanum
1288 4110 1452 4167 omnimode
1470 4109 1542 4181 iuris
1563 4118 1592 4166 et
1607 4112 1734 4183 proprie·

944 4183 1009 4238 tatis
1020 4197 1083 4239 esse
1096 4184 1177 4240 Sedis
1189 4182 1368 4253 apostolicae.
1384 4179 1555 4247 Secundum,
1568 4196 1633 4237 enm
1645 4196 1732 4237 oocu-

943 4259 1040 4323 patum
1055 4254 1224 4309 violentera
1249 4252 1369 4309 Pisanis.
1386 4252 1511 4306 Tertium
1523 4250 1681 4322 judicatum
1707 4259 1736 4308 et

943 4337 1064 4379 reanum
1080 4316 1270 4380 calaritanum
1281 4320 1355 4376 idem
1371 4335 1435 4377 esse
1450 4337 1457 4377 :
1472 4321 1514 4376 sic
1534 4335 1564 4374 re
1588 4335 1623 4376 na
1635 4320 1733 4389 lsra'a'l,

943 4362 1108 4451 attestatis
1127 4407 1143 4449 a
1163 4390 1305 4463 judicibus
1320 4404 1448 4462 capere;
1470 4388 1513 4445 sic
1534 4335 1733 4470 affianaricus,

943 4461 991 4537 qui
1016 4461 1116 4520 Gothis
1130 4460 1328 4518 dominabatur
1342 4460 1395 4515 sub
1411 4459 1529 4517 Valente
1552 4466 1731 4528 imperatore,

943 4532 1019 4604 regis
1034 4546 1139 4589 nomen
1153 4529 1319 4603 repudiavit,
1337 4537 1364 4585 et
1374 4529 1480 4586 iudicis
1496 4528 1651 4598 usurpavit,
1668 4530 1734 4601 quia

943 4614 973 4665 ut
986 4604 1024 4662 ait
1038 4602 1213 4660 Themistius
1228 4598 1406 4671 Euphrados,
1423 4598 1458 4654 de
1475 4612 1509 4653 eo
1524 4597 1643 4670 loquens
1660 4607 1732 4657 orat.

943 4679 986 4747 10,
1001 4682 1046 4727 τοῦ
1066 4673 1185 4739 βασιλέως
1199 4670 1339 4734 ἐπωνυμία,
1354 4671 1479 4733 δυνάμεως
1491 4669 1648 4736 πρὸστρημα,
1663 4672 1692 4722 τὸ
1708 4673 1735 4722 δὲ

941 4757 985 4801 τοῦ
995 4750 1111 4801 δικαστοῦ
1126 4744 1221 4808 σοφίας,
1232 4741 1383 4811 appellatio
1395 4740 1468 4810 repis
1480 4740 1654 4810 estpotertlia
1664 4756 1732 4811 pre·

938 4822 1018 4892 pria,
1043 4817 1150 4890 tuditis
1179 4812 1332 4884 sapiaentia.
1367 4810 1439 4871 Vide
1476 4811 1571 4868 amm.
1608 4813 1733 4871 Marcell.

941 4892 989 4950 lib.
1006 4892 1051 4950 27.

991 4978 1018 5050 l)
1038 4980 1076 5037 Ge
1090 4976 1156 5034 titre
1171 4982 1214 5031 est
1228 4972 1255 5030 le
1272 4972 1322 5029 36θ
1341 4970 1376 5027 de
1395 4970 1421 5026 la
1441 4971 1608 5042 compilatio
1625 4972 1733 5043 priato,

941 5060 969 5109 et
994 5048 1133 5108 claues
1146 5044 1253 5103 Dr'ere't.
1271 5042 1479 5112 drdporienoas.

978 5137 1019 5213 (a)
1032 5131 1326 5213 Sanctoramlooanis
1347 5134 1373 5186 et
1385 5128 1666 5213 PaulitTnderlinan.
1683 5131 1735 5186 Tu·

940 5211 1063 5278 dentum,
1081 5207 1147 5263 Tadi
1169 5206 1198 5261 in
1211 5203 1325 5262 Umbria
1342 5200 1378 5257 ad
1390 5200 1524 5257 Tiberim.

977 5299 1015 5373 (b)
1029 5296 1135 5379 Anpclo
1149 5294 1176 5352 S.
1194 5292 1314 5350 Andura
1326 5290 1442 5345 diacono
1454 5288 1606 5346 cardinali.
1619 5289 1643 5344 N
1646 5287 1731 5366 iillum

941 5373 1026 5428 allum
1054 5367 1099 5424 bis
1122 5362 1297 5437 temporibus
1319 5360 1433 5416 invenio
1458 5358 1633 5437 cardinalem
1648 5355 1732 5427 butus

941 5440 1075 5509 nominis,
1101 5451 1186 5509 quam
1212 5432 1355 5506 Angelum
1381 5429 1532 5485 diaconum
1558 5425 1731 5482 cardinalem

940 5514 967 5570 S.
983 5509 1110 5577 Adriani,
1126 5503 1299 5564 creatum'ab
1316 5500 1544 5563 innocentiolll,
1560 5510 1636 5551 anno
1652 5497 1731 5566 tall,

940 5581 1015 5656 opud
1034 5578 1224 5639 ciacconium.
1245 5575 1297 5630 Hie
1316 5568 1468 5627 cardinalis
1484 5573 1601 5649 vocatur
1620 5582 1732 5640 quiaque

940 5656 967 5710 in
981 5641 1096 5725 Regest.
1108 5646 1224 5706 llonorii
1238 5640 1390 5700 cardinalis
1405 5640 1432 5695 S.
1445 5635 1570 5694 Adriani.
