3952 6188
139 291 214 355 roi·
534 292 579 357 ΙΝ
601 292 940 373 Quenuuensinm.
964 288 1170 357 nonnum
1191 290 1394 357 SECUNDA.
1729 295 1790 363 762

139 449 226 516 Ubii
236 450 274 513 ln
289 450 410 515 monte.
426 449 482 515 Sic
496 451 585 516 enim
598 453 748 532 sequitur
763 475 771 516 ι
784 455 831 517 nt
843 454 937 518 ducti
989 451 1052 514 dus
1066 454 1201 530 propter
1217 451 1403 527 ueritatem,
1419 448 1498 530 qula
1513 450 1565 514 est
1582 449 1656 513 sine
1670 450 1790 530 nigre-

138 549 215 609 titos
224 547 421 609 tumentem
435 553 610 610 succuum
622 564 782 611 seorsum
791 547 934 628 (Mattn,
990 547 1087 621 dine,
1117 548 1223 620 idest,
1257 549 1331 610 sine
1358 547 1514 610 falsitate.
1545 547 1586 608 nt
1615 547 1665 610 est
1692 565 1789 613 mons

138 640 240 723 xvii).
265 644 357 715 Quod
379 644 415 706 ut
435 644 642 707 manifestius
666 645 740 720 liat,
762 646 802 708 de
823 646 935 709 multis
989 646 1175 718 umbrosus,
1187 647 1221 708 et
1243 647 1440 721 condensus,
1457 646 1535 724 quia
1550 646 1682 709 suniibi
1695 663 1789 725 mys·

128 739 308 802 montibus
323 740 378 818 qui
398 741 434 802 in
454 744 556 803 Sacra
578 743 749 820 Scriptura
769 743 934 820 leguntur,
989 743 1074 805 teria
1087 743 1203 816 multa,
1214 742 1309 820 quasi
1320 743 1457 817 umbrae,
1472 744 1505 806 et
1514 744 1626 806 multae
1638 743 1787 817 arbores,

138 837 182 899 ad
216 837 395 899 tollendum
424 836 610 913 fastidium,
640 842 783 917 quatuor
809 843 936 903 tantumn
989 839 1094 912 idest,
1118 838 1230 902 multae
1255 840 1428 902 sententiae
1450 856 1524 918 quae
1547 840 1675 902 iaciunt
1693 857 1791 903 mon-

137 934 327 1011 excipimus
341 935 505 1012 quiipuasi
520 934 738 999 circumstant
754 937 937 999 Ecclesiam
988 938 1055 1000 tem
1087 951 1162 998 esse
1187 935 1410 1009 condensum,
1441 936 1548 1011 idest,
1583 938 1789 1014 scripturam

137 1031 338 1094 militantem
348 1030 525 1095 oboriente
535 1034 759 1107 otoccidente,
772 1032 813 1095 alr
823 1034 937 1097 austro
990 1033 1176 1096 obscuram.
1193 1034 1288 1094 Mons
1300 1032 1453 1095 excelsus
1468 1037 1519 1095 est
1531 1036 1696 1096 secretum
1708 1051 1791 1098 con·

136 1129 172 1191 et
183 1128 227 1190 ab
241 1128 407 1206 aquiiloue.
428 1130 468 1192 Et
486 1130 563 1208 quis
582 1130 674 1209 prius
689 1132 840 1209 estquod
861 1147 938 1193 cm·-
989 1130 1226 1208 templationis,
1238 1129 1290 1191 uel
1305 1130 1377 1207 ipsa
1390 1130 1636 1207 contemplatio,
1653 1146 1726 1209 qnae
1737 1132 1790 1193 di-

137 1226 218 1287 nato
232 1229 293 1298 est,
312 1227 344 1287 et
359 1228 472 1302 postea
489 1227 575 1304 quod
592 1228 765 1305 spirituale
779 1229 821 1290 al)
836 1229 936 1306 eoin-
990 1228 1077 1290 citur
1091 1228 1231 1300 secreta,
1246 1227 1326 1306 quia
1341 1243 1437 1289 nemo
1456 1226 1549 1288 illam
1564 1228 1672 1306 potest
1689 1229 1788 1301 scire,

138 1324 219 1384 tone
238 1321 502 1385 itu-hoemus.Sit
517 1324 629 1402 itaque
645 1340 739 1386 mous
759 1325 881 1388 Gelboe
896 1324 937 1386 ab
990 1325 1057 1387 nisi
1083 1324 1141 1403 qui
1159 1324 1296 1402 accipit.
1328 1325 1386 1386 Est
1414 1326 1525 1386 autem
1555 1324 1790 1402 contemplatio

135 1417 584 1495 uqml‹.›ne,munssuu1nrim
596 1417 830 1493 auocamento,
844 1436 937 1481 mons
991 1421 1121 1498 quando
1134 1422 1257 1499 aliquis
1270 1421 1321 1483 est
1333 1420 1479 1483 intentus
1492 1420 1533 1483 ad
1546 1421 1742 1495 orationem,
1755 1422 1790 1483 et

134 1512 305 1575 Armenia
319 1513 498 1588 anausim,
512 1530 609 1577 mons
625 1516 783 1579 lsraelnh
796 1516 936 1579 oriente.
989 1517 1059 1580 tum
1078 1517 1169 1580 videt
1188 1517 1294 1580 oculis
1317 1518 1426 1580 cordis
1447 1518 1561 1580 divina
1579 1519 1613 1580 et
1626 1517 1788 1592 coelestia,

136 1611 237 1672 Mons
252 1609 374 1672 oelboe
397 1614 474 1674 sumt
496 1627 603 1675 aerem
625 1615 816 1691 potestites
840 1616 937 1676 Mons
990 1615 1024 1678 et
1040 1615 1115 1676 ideo
1130 1615 1204 1692 ipsa
1215 1614 1453 1693 contemplatio
1472 1614 1595 1676 dicitur
1612 1630 1708 1677 mons
1728 1629 1792 1677 ex·

137 1707 302 1769 Samariae
317 1706 499 1785 hypocrite
517 1710 640 1772 tristes.
658 1712 753 1772 lions
770 1710 936 1774 Armenian
990 1711 1110 1784 celsus,
1133 1712 1213 1789 quis
1235 1710 1386 1789 perducit
1399 1711 1567 1772 hominem
1586 1710 1711 1773 adalta
1732 1726 1792 1773 co-

136 1803 213 1866 ueri
230 1805 391 1881 pastores.
411 1806 507 1868 Mons
524 1807 628 1869 israel
650 1808 763 1870 Sancti
776 1808 938 1870 interces-
989 1808 1189 1885 gnoscenda.
1203 1808 1296 1870 Unde
1306 1807 1466 1870 Dominus
1477 1822 1538 1885 per
1548 1807 1668 1869 isaiam
1680 1828 1689 1868 z
1702 1809 1791 1870 Sud-

132 1915 245 1961 sores.
260 1902 395 1963 l’rimus
414 1919 508 1964 mons
531 1905 582 1966 est
597 1903 754 1980 frigidus,
772 1905 937 1969 secundus
991 1907 1147 1968 tolmmte
1161 1906 1490 1981 supcrottttudtucm
1501 1901 1788 1983 terroe(ls.,1.v111‚

135 1996 281 2074 tepidus,
307 1998 425 2061 tertius
453 2000 599 2074 calidus,
624 2003 766 2079 gruarius
795 2001 935 2064 lucidus.
991 2000 1055 2082 14).
1072 2005 1137 2064 Iste
1154 2002 1255 2064 etiam
1271 2000 1320 2063 est
1334 2017 1428 2064 mons
1444 2017 1545 2078 super
1559 2016 1655 2079 quem
1665 1999 1791 2077 juben·

135 2093 246 2156 Aliter
263 2098 398 2172 pssunt
419 2097 583 2174 prmudssi
601 2097 776 2175 appellari,
798 2100 834 2160 ut
847 2098 943 2160 dici·'
989 2100 1045 2160 tur
1066 2098 1247 2161 ascendere
1268 2098 1514 2175 praedicatores.
1536 2097 1630 2159 Unde
1653 2096 1758 2159 isaias
1779 2115 1789 2158 ι

137 2191 206 2262 tur,
224 2192 310 2269 quod
327 2194 452 2270 primus
468 2196 519 2257 est
539 2196 648 2272 iupus,
665 2194 830 2257 secundus
845 2210 937 2258 mer·
987 2198 1102 2269 Super
1125 2196 1281 2257 montem
1302 2200 1477 2257 succuum
1499 2197 1643 2256 ascende
1668 2194 1707 2257 tu
1730 2196 1790 2270 cut

136 2289 306 2363 denarius,
331 2290 449 2352 tertius
473 2293 586 2367 pastor
609 2291 728 2367 bonus,
746 2293 779 2353 et
800 2293 938 2368 quartus
990 2295 1208 2367 evangelizas
1220 2293 1305 2352 Sion
1320 2289 1391 2370 (is,
1405 2305 1462 2361 ιιι,
1475 2288 1523 2370 9).

131 2385 244 2461 iudex
255 2386 429 2462 propitius.
446 2387 577 2448 i'riruus
589 2386 677 2448 onim
692 2387 781 2464 rapit
797 2388 834 2450 ut
848 2403 940 2449 mnc-
1031 2388 1078 2450 De
1096 2388 1159 2450 hoc
1173 2388 1284 2449 monte
1300 2386 1517 2464 intelligimus
1529 2387 1566 2449 in
1588 2385 1782 2464 Evangelio,

139 2482 200 2554 tut,
223 2482 387 2543 secundus
412 2482 569 2560 praedicat
587 2486 624 2547 ut
640 2483 802 2557 comedat,
823 2485 938 2548 tertius
991 2483 1079 2563 quod
1092 2484 1253 2546 Dominus
1268 2485 1522 2561 transfiguratus
1536 2485 1588 2546 est
1599 2483 1788 2546 coramtri·

136 2579 264 2655 satagit
287 2581 320 2643 ut
341 2580 515 2656 custodiat,
538 2583 675 2662 quartus
697 2581 882 2660 nitercedit,
902 2585 938 2649 ut
989 2581 1052 2644 bus
1086 2581 1271 2661 discipulis.
1300 2584 1382 2644 Tres
1409 2580 1566 2660 discipuli
1596 2580 1788 2658 significant

135 2674 182 2737 ad
201 2690 238 2737 se
254 2677 372 2741 trahat.
388 2679 521 2741 Primus
538 2682 590 2745 est
606 2680 794 2759 fugiendus,
816 2700 939 2747 secun-
991 2695 1106 2744 omnes
1120 2680 1178 2759 qni
1192 2680 1269 2741 sunt
1283 2678 1421 2756 perlecti
1432 2678 1468 2740 in
1483 2678 1559 2752 nde,
1573 2694 1642 2756 spe,
1656 2679 1690 2740 et
1701 2678 1787 2740 clia·

136 2770 202 2833 dus
217 2773 420 2849 tolerandus,
442 2778 559 2841 tertius
579 2779 776 2855 cauendus,
799 2786 937 2861 quartus
990 2778 1100 2840 ritate.
1126 2778 1245 2840 coram
1267 2776 1350 2853 ipsis
1371 2774 1628 2851 transfiguratus
1646 2775 1699 2837 est
1719 2777 1788 2836 Do-

136 2868 378 2946 implurandus
394 2874 687 2955 nilgieudusquis
710 2878 790 2941 dicit
810 2879 938 2941 zacha-
990 2874 1100 2936 ιιιίιιιιε
1126 2876 1224 2937 lesus
1249 2872 1285 2934 in
1311 2874 1422 2934 monte
1450 2871 1594 2945 excelso,
1618 2870 1718 2943 idest,
1746 2869 1783 2931 in

138 2965 211 3026 rim
228 2969 683 3047 emmeramensem
696 2979 937 3050 condomam·
990 2970 1277 3048 contemplatione,
1296 2969 1374 3047 quia
1394 2967 1523 3031 revelat
1546 2969 1599 3029 eis
1625 2965 1786 3044 splendo-

133 3062 187 3123 ctt
199 3066 367 3127 Dmutuus
380 3063 505 3146 (Zuclu,
519 3084 555 3141 11,
571 3067 617 3150 6).
633 3071 936 3150 tolerandumque
989 3084 1059 3131 rem
1074 3068 1190 3145 gloriae
1206 3082 1288 3138 suae,
1311 3067 1344 3129 et
1368 3064 1583 3128 beatitudinis
1600 3065 1705 3126 futuri
1718 3080 1786 3126 see-

135 3157 218 3221 dicit
235 3149 382 3222 't'eritns2
400 3165 484 3231 Quoe
501 3167 852 3244 aestimandaque
867 3184 935 3230 au·
989 3164 1067 3225 culi.
1092 3167 1188 3224 dions
1210 3161 1363 3223 excelsus
1389 3161 1512 3223 dicitur
1537 3160 1668 3232 coelum,
1700 3159 1787 3221 sicut

136 3255 597 3336 tcmsuctuut,uolitesocere
611 3262 756 3341 (Mettis,
771 3280 872 3336 mu,
888 3262 934 3343 3).
988 3258 1092 3320 David
1108 3258 1175 3319 ait:
1197 3258 1366 3318 Douctuus
1377 3258 1416 3317 tu
1436 3257 1553 3317 motta
1573 3254 1692 3317 sancto
1710 3268 1786 3329 suo,

133 3351 340 3425 audiendus9
352 3354 431 3431 quis
441 3358 573 3432 uos-ses
591 3359 655 3420 sits
667 3360 937 3436 InterroocPa-
989 3357 1157 3417 Dmntuus
1170 3356 1209 3414 tu
1222 3357 1305 3415 coelo
1317 3355 1416 3415 sedes
1431 3355 1507 3425 ejus
1522 3348 1592 3430 (Ps.
1607 3351 1656 3422 10,
1671 3348 1717 3430 5).
1739 3352 1788 3413 De

134 3447 229 3510 trem
252 3449 352 3511 tuum
374 3451 408 3512 et
430 3453 520 3514 dicet
534 3453 605 3525 tuot,
617 3459 780 3547 pactores
794 3456 882 3527 tuos,
902 3456 937 3518 et
990 3451 1052 3512 lisc
1067 3449 1145 3511 sede
1158 3448 1241 3511 dicit
1254 3447 1470 3525 Evaiigelium
1485 3469 1493 3509 ι
1513 3451 1601 3520 Volo,
1611 3448 1734 3521 Pater,
1747 3448 1787 3510 ut

131 3545 392 3609 crcuuuttoouut
412 3548 473 3610 ttdt
494 3546 617 3628 (Dent,
638 3550 935 3631 xx11,7).lmplo-
988 3550 1046 3609 udi
1072 3560 1135 3621 epo
1159 3561 1254 3619 suus,
1276 3548 1345 3609 tlttc
1363 3545 1410 3607 stt
1435 3545 1470 3607 et
1501 3545 1665 3607 minister
1685 3558 1786 3607 suctu

132 3640 363 3721 ruptosque
376 3643 548 3708 uicisset:
563 3650 704 3720 uocas
717 3649 839 3723 estqu
853 3664 934 3711 res·
989 3643 1100 3724 (ioan.
1115 3658 1177 3712 ιιι,
1196 3640 1262 3722 24)-
1285 3644 1381 3703 Mons
1404 3640 1569 3703 olivarum
1592 3641 1644 3702 est
1667 3640 1784 3702 citau-

130 3739 366 3813 conuectum,
380 3742 634 3818 etaduttouem
644 3746 937 3809 Sanctorumcon·
987 3741 1040 3803 tas
1061 3739 1132 3813 Dei,
1155 3738 1252 3811 idest,
1274 3754 1369 3801 amor
1392 3753 1456 3816 quo
1471 3737 1582 3814 diligit
1604 3753 1677 3799 nos.
1704 3740 1785 3811 Quae

132 3834 275 3897 vertere
289 3839 328 3897 tu
339 3838 478 3900 Sanctis
489 3842 565 3912 ejus
579 3838 666 3920 (doh,
682 3858 715 3914 ιι,
728 3839 772 3921 1).
987 3837 1134 3899 charitas
1152 3836 1227 3899 ideo
1250 3835 1373 3899 dicitur
1386 3851 1482 3897 mons
1497 3835 1674 3907 olivarum,
1697 3834 1785 3897 idest

174 3932 257 3993 Item
277 3931 417 4009 legimus
440 3934 477 3996 in
499 3938 618 3999 saneta
641 3938 823 4016 Scriptura,
846 3939 931 4016 quod
987 3936 1094 3997 mater
1104 3935 1253 3997 omnium
1267 3932 1585 3994 misericordiarum.
1600 3931 1684 4004 Quia
1694 3931 1783 3994 sicut

136 4029 295 4090 Dominus
305 4030 460 4095 ascendit
473 4032 509 4094 iu
526 4037 595 4095 tres
611 4036 751 4109 montes,
765 4034 932 4110 uidelicet,
986 4032 1021 4093 in
1044 4032 1157 4094 moute
1178 4030 1345 4093 olivarum
1364 4028 1462 4090 erant
1480 4026 1592 4089 multae
1613 4027 1722 4100 onvae,
1738 4026 1786 4091 its

135 4122 171 4184 in
181 4128 327 4188 montem
338 4127 539 4203 umbrosum,
550 4129 586 4191 in
597 4133 742 4193 montem
749 4133 932 4203 excelsum,
986 4127 1075 4190 etde
1090 4126 1254 4189 charitate
1268 4125 1328 4188 Dei
1342 4124 1464 4188 dantur
1478 4124 1573 4187 nobis
1589 4124 1702 4187 multae
1721 4124 1787 4185 mi·

136 4223 169 4283 et
182 4220 218 4282 in
234 4226 377 4286 montem
395 4226 570 4289 olivarum.
586 4229 683 4290 Mons
696 4228 871 4293 umbrosus
884 4231 935 4293 est
986 4223 1190 4286 sericordiae.
1206 4224 1292 4284 Nam
1313 4222 1401 4283 sicut
1414 4221 1496 4284 dicit
1509 4220 1783 4283 Ecclesiasticus:

136 4318 301 4396 scriptura
320 4323 443 4384 veteris
461 4324 680 4397 'destamenti,
698 4341 772 4402 quae
786 4325 863 4387 ideo
877 4326 933 4388 di-
986 4320 1169 4383 Miseratto
1194 4321 1343 4381 nominis
1380 4317 1433 4379 est
1466 4321 1562 4379 ctrco
1579 4318 1787 4391 proximum

137 4413 223 4477 citur
238 4432 332 4480 mons
348 4417 533 4494 umbrosus,
545 4420 624 4499 quia
636 4421 801 4499 scriptura
811 4422 933 4485 veteris
985 4415 1297 4490 commiseratio
1310 4414 1430 4487 cutem
1446 4415 1511 4475 Det
1526 4426 1634 4487 super
1646 4425 1785 4473 munem

136 4509 337 4574 Testamenti
361 4512 412 4574 est
431 4514 539 4579 ⁴nimis
564 4514 643 4588 alta,
668 4515 701 4577 et
723 4514 799 4577 ideo
819 4532 931 4591 mons;
985 4527 1130 4577 cautem
1144 4508 1248 4591 (licei.
1260 4507 1431 4590 xv111‚12).
1448 4507 1598 4570 christus
1617 4507 1656 4571 in
1673 4509 1786 4572 monte

136 4606 275 4668 multum
289 4607 465 4685 prolimdn,
479 4611 512 4672 et
525 4610 600 4673 ideo
615 4611 804 4675 umbrosus.
819 4613 934 4691 scrip-
986 4612 1051 4673 isto
1069 4607 1223 4686 vigilavit
1236 4607 1269 4670 et
1283 4606 1403 4678 orauit,
1426 4605 1559 4684 quando
1582 4604 1689 4669 dixit:
1714 4610 1786 4669 Ρα-

137 4702 210 4764 tura
231 4704 354 4767 veteris
372 4707 576 4769 Testamenti
596 4708 719 4772 dicitur
740 4725 837 4773 mons
858 4725 934 4772 um·
986 4711 1053 4783 ter,
1076 4711 1109 4771 st
1133 4707 1214 4780 ficri
1233 4704 1358 4782 potest,
1379 4704 1538 4766 transeut
1559 4718 1582 4765 u
1606 4719 1663 4766 use
1690 4707 1784 4766 cutim

136 4796 264 4874 prosus,
274 4802 353 4879 quia
363 4803 414 4865 est
423 4802 521 4880 plena
531 4804 715 4869 etobsoura
724 4806 832 4885 plenis
841 4823 934 4884 mys·
985 4805 1062 4877 iste,
1084 4819 1154 4867 nou
1167 4804 1256 4866 siout
1275 4815 1338 4879 cco
1360 4805 1446 4874 coto,
1465 4803 1526 4862 sed
1548 4801 1639 4863 siout
1667 4802 1705 4863 tu
1727 4804 1784 4864 otc

136 4895 228 4959 teriis
245 4900 278 4961 et
290 4899 403 4961 multis
422 4902 650 4965 sacramentis.
670 4905 718 4966 De
739 4903 805 4967 hoc
821 4905 933 4967 monte
986 4901 1119 4983 (Matth.
1132 4916 1226 4973 xxvi,
1246 4899 1312 4980 39).
1332 4897 1483 4961 dinisius
1499 4898 1598 4961 tertio
1612 4898 1732 4972 oravit,
1748 4898 1785 4961 ut

137 4991 215 5057 dicit
227 4995 756 5075 Hahacucprophetasllcmtuus
769 5017 792 5064 u
804 5004 933 5079 Ltocuo
985 4998 1120 5063 doceret
1145 5014 1206 5061 nos
1228 4996 1413 5063 orationem
1434 4997 1548 5059 valere
1569 4996 1611 5057 ad
1630 4997 1716 5058 trias
1733 4994 1784 5057 Ad

136 5092 934 5165 ventetetsauctusoemonuumcrosoetoon-
984 5095 1226 5175 impetrandam
1248 5094 1382 5157 veniam
1400 5092 1437 5155 in
1457 5093 1689 5156 remissionem
1704 5106 1786 5168 pec·

136 5189 249 5252 deluso.
261 5190 427 5263 Quantum
437 5191 479 5253 ad
489 5192 766 5270 significationem
777 5194 930 5271 pertinet,
985 5196 1155 5269 catorum3
1180 5192 1221 5254 ad
1241 5190 1428 5255 hahendam
1444 5190 1586 5268 gratiam
1605 5188 1642 5249 in
1662 5186 1784 5249 effectu

138 5283 281 5347 Libanum
302 5286 335 5348 et
353 5302 448 5349 mons
461 5287 636 5352 umbrosus
648 5290 682 5353 et
695 5289 882 5352 condensus
897 5291 932 5354 in
984 5291 1146 5355 bonorum
1172 5304 1327 5367 operum3
1353 5288 1395 5350 ad
1426 5283 1683 5364 promovendam
1708 5281 1784 5359 glo-

137 5382 250 5443 eodem
265 5398 367 5444 sensu
380 5385 553 5463 accipitur.
570 5386 715 5450 Libanus
731 5387 933 5465 interprete·
984 5389 1071 5451 riam
1083 5387 1119 5451 in
1133 5401 1238 5464 regno
1251 5385 1421 5449 coelorum.

138 5476 189 5539 tur
211 5479 416 5554 candidatio,
436 5484 470 5545 et
488 5483 654 5562 significat
671 5483 794 5547 ueteris
816 5486 933 5548 Testa·
1025 5489 1072 5548 De
1086 5485 1150 5548 hoc
1164 5482 1427 5558 montelegimus
1440 5478 1477 5540 in
1490 5475 1681 5554 Evangelio,
1694 5478 1781 5555 qnod

140 5576 238 5640 menti
253 5576 463 5657 scripturam,
479 5595 553 5659 qum
568 5580 689 5647 dicitur
704 5596 799 5646 mons
816 5583 933 5647 candi·
986 5583 1146 5649 Dominus
1159 5584 1269 5656 Jesus,
1284 5576 1424 5651 elevatis
1445 5573 1598 5640 menibus
1620 5573 1701 5649 suis,
1721 5574 1782 5637 he-
