3936 6192
180 297 237 358 aet

176 455 310 532 vulgari
325 455 503 515 annndinae
514 456 571 536 (1),
589 454 640 515 rel
657 454 780 516 atalaia
792 454 835 531 (2)
858 453 977 515 dicun·

177 556 241 627 tur,
267 553 316 613 ire
339 551 427 628 cogit
452 550 584 613 invitos.
611 551 695 624 Quia
722 552 826 628 igitur
849 552 975 614 tantam

177 652 249 724 Dei,
262 651 295 713 et
307 650 464 712 Ecclesiae
476 650 806 729 injuriamnolumus,
820 649 905 711 sicut
915 665 976 710 nec

177 749 345 822 debemus,
358 749 589 826 aequanimiter
600 749 776 821 sustinere,
790 747 976 825 praesertim

178 865 278 925 qnam
294 847 511 909 charissimus
531 846 566 907 iu
587 846 718 908 Christo
742 846 831 908 iilius
852 845 974 915 noster,

178 942 979 1022 FredericusRom.imperatorillustris(a)gene-

177 1044 243 1105 rali
257 1043 331 1119 lege
352 1042 512 1114 sanxerit,
528 1042 564 1103 nt
580 1057 695 1103 omnes
714 1042 849 1104 omniuo
869 1039 979 1102 eccle-

178 1143 249 1213 siae,
271 1144 304 1202 et
329 1141 564 1202 ecclesiasticae
588 1156 738 1217 personae
764 1138 806 1200 ab
825 1138 979 1200 omnihus

179 1238 387 1301 secularibus
398 1238 502 1300 talliis
519 1239 552 1300 ot
566 1238 807 1309 exactionibus,
817 1236 977 1312 angariis,

179 1340 213 1400 et
233 1337 443 1415 parangariis
471 1336 539 1397 sint
568 1336 731 1398 immunes
742 1339 802 1415 (3);
827 1351 890 1396 nec
913 1333 980 1395 nisi

180 1451 293 1499 coram
319 1434 545 1497 ecclesiastico
562 1435 675 1511 judice
699 1434 834 1496 valeant
853 1447 979 1494 conve·

180 1534 246 1594 niri
268 1555 275 1594 r
299 1533 380 1594 disc.
403 1550 435 1594 ιι.
457 1549 499 1592 m.
519 1535 682 1610 quatenus
706 1532 899 1609 praedictum
925 1545 982 1590 re-

180 1648 265 1707 gem,
283 1635 319 1694 ut
338 1631 378 1692 ab
392 1631 481 1692 omni
495 1630 703 1703 clericorum,
720 1633 753 1691 et
764 1629 907 1691 aliorum
921 1643 980 1688 re-

182 1725 980 1806 ligiosorumsupernisgravamineconquiescat,

182 1842 328 1899 monere,
355 1841 394 1886 ac
420 1825 578 1886 inducere
606 1825 807 1902 procuretis3
833 1822 981 1900 alioquin

181 1927 250 1987 tam
265 1925 384 2000 ipsum,
401 1940 501 2001 qnam
515 1923 599 1984 alios
621 1922 663 1983 ab
675 1921 863 1999 hujusmodi
878 1922 984 1982 teme·

182 2024 281 2085 ritate
291 2022 451 2083 desistere
464 2036 706 2098 percensuram
719 2019 982 2082 ecclesiasticam

185 2120 292 2201 appel.
309 2120 435 2182 remota
451 2118 589 2196 cogatis.

392 2271 607 2360 TITULUS
634 2271 781 2358 XXVII

231 2433 275 2479 mu
298 2432 440 2487 crinales,
463 2431 527 2479 ran
547 2429 700 2476 monsieur
721 2425 948 2475 soctnamsus

329 2511 485 2559 banosus
507 2511 545 2557 ss
566 2496 843 2571 immisceasrtl).

194 2624 447 2685 l'caerabilibrts
461 2621 632 2695 fratribus
642 2620 689 2678 M.
696 2618 911 2691 patriarcba
921 2616 987 2674 Aa·

230 2703 373 2765 tiocbea.
398 2701 433 2761 et
455 2702 631 2761 iiizicersis
656 2697 933 2771 archiepiscopis,
954 2693 988 2755 et

228 2784 406 2857 episcopis,
426 2795 467 2840 ac
488 2779 618 2839 dilectis
639 2780 719 2851 stitis
737 2776 862 2837 ceteris
879 2779 987 2835 eccla-

191 2914 197 2925 .
228 2865 364 2922 startias
385 2859 543 2933 praelatis
557 2860 594 2919 tn
610 2856 854 2934 patriarchatu
867 2854 990 2916 Antio-

195 2988 200 3001 .
229 2945 335 3002 sibeno
350 2939 556 3000 constitu-tis·

500 3091 637 3152 atPUT
659 3091 684 3150 1.

234 3211 339 3285 Super
355 3206 499 3284 specula,
516 3208 549 3268 ct
563 3207 670 3281 infra.
688 3206 774 3266 Sane
796 3202 874 3264 licet
888 3200 992 3263 fallax

229 3428 268 3500 tl)
289 3428 505 3498 Petraeites—
520 3425 760 3498 l'aiparilingua.

230 3529 271 3598 tt)
291 3527 387 3595 inille,
402 3524 475 3582 aide.

232 3625 274 3695 (a)
296 3624 441 3693 imperiali
465 3623 521 3693 irps
541 3620 678 3679 sanserit.
701 3619 836 3692 intelligit
855 3617 992 3675 coustitu-

194 3696 301 3752 tiouem
317 3694 448 3751 Fridorici
463 3697 499 3761 ll,
514 3693 697 3766 imperabat,
710 3690 794 3747 bend.
810 3692 850 3748 tit.
862 3689 994 3762 positam,

198 3780 297 3842 stupra,
312 3767 371 3821 llac
385 3765 520 3823 aaaron.

234 3880 361 3938 Similem
377 3878 522 3950 querelem
537 3875 674 3934 adversus
686 3874 787 3932 ducem
803 3881 831 3930 et
846 3880 997 3946 magnetes

199 3952 309 4007 Sueciae
324 3949 359 4006 dc
374 3950 560 4022 oppressione
578 3946 837 4003 ecclesiasticorum
860 3944 896 3999 ab
911 3958 994 4000 exac-

198 4024 292 4078 tiones
314 4021 472 4091 indebitas,
493 4026 521 4075 et
544 4018 579 4075 de
605 4016 820 4089 privilegiorum
844 4015 998 4071 violatione

201 4091 286 4149 babet
307 4094 448 4149 Hortarius
465 4099 560 4147 uester
577 4090 607 4144 in
624 4088 753 4157 Epistola
766 4091 793 4152 (a
807 4089 849 4144 lo.
862 4087 999 4144 Vestorio

201 4164 275 4220 edita
301 4164 329 4219 ln
350 4165 429 4219 calce
454 4162 526 4217 Vitis
541 4159 712 4233 Aquiloniae)
727 4157 792 4215 data
813 4159 910 4226 licata,
927 4155 997 4214 ldib.

202 4235 335 4307 Augusti,
349 4249 424 4290 anim
440 4232 483 4289 lo.

238 4350 279 4423 (3)
300 4352 355 4409 Les
369 4346 572 4406 Constitutione
590 4343 753 4419 imperiales
773 4359 810 4403 ne
826 4344 922 4401 valent
937 4358 998 4415 pas,

203 4438 315 4478 cornute
329 4421 420 4486 tellas,
437 4415 575 4490 al'egard
589 4416 626 4473 dn
642 4431 779 4490 royaume
800 4416 835 4473 de
853 4415 998 4487 Portngal.

204 4494 276 4550 blais
297 4490 425 4548 insertos
444 4489 517 4546 dans
537 4489 563 4545 lc
578 4488 651 4546 droit
665 4502 769 4555 canon,
786 4488 856 4545 elles
871 4488 965 4543 velent
984 4483 1000 4542 'a

204 4580 238 4621 ce
250 4563 362 4620 dernier
377 4563 450 4619 titre.

242 4662 283 4727 (i)
304 4661 340 4719 Ce
353 4662 416 4716 titre
431 4666 474 4715 ost
492 4659 519 4715 le
537 4658 584 4715 370
597 4654 632 4713 dc
647 4657 674 4713 la
689 4655 853 4724 Conrpiiutio
865 4653 1003 4725 primast

176 4766 180 4773 -
204 4733 232 4788 lo
243 4733 290 4788 iilis
306 4731 357 4787 des
372 4732 480 4786 Dicrc'l.
495 4728 705 4799 Gregoriennes.

243 4844 284 4917 (a)
305 4846 397 4915 Leges.
418 4846 529 4916 Legum
550 4841 676 4899 civilium
698 4837 861 4911 prohibetur
884 4838 1002 4897 scicntia

206 4917 317 4974 clericis
338 4923 366 4973 et
381 4914 539 4981 monacbis,
552 4914 577 4968 si
587 4927 616 4967 se
634 4910 741 4980 peritos
755 4909 851 4964 tiliam
869 4914 895 4964 et
906 4912 1000 4979 {oron-

207 4988 282 5044 siaat
295 4986 526 5056 disceptationum
538 4983 646 5064 efficere
658 4980 753 5061 catini,
766 4980 804 5061 ait¹
821 4982 866 5036 lex
875 4981 1004 5050 repetita,

208 5061 250 5125 C„
267 5061 307 5117 De
319 5059 401 5127 episc.
417 5062 441 5112 el
455 5057 522 5111 ctrr.
539 5055 568 5108 St
580 5057 773 5121 patrocinium
795 5066 825 5105 ιιι
836 5053 900 5120 sare
914 5052 1002 5107 susci-

228 5131 299 5196 imtt,
315 5137 344 5185 ut
358 5127 499 5183 sententie
513 5125 608 5194 legum
619 5119 749 5193 synodal.
764 5120 898 5203 xiphilini
911 5120 1003 5191 docet,

206 5146 256 5257 dib.
269 5203 319 5268 lll,
331 5199 412 5255 daris
425 5200 594 5260 drocarum,
606 5206 662 5247 non
679 5191 753 5263 quod
768 5192 888 5249 scrertlia
907 5192 1004 5264 logum

210 5272 246 5328 sit
261 5270 411 5343 prohibita,
429 5280 491 5337 quaa
504 5264 622 5319 omniuo
636 5268 679 5318 est
694 5263 854 5319 necessaria
871 5264 899 5319 in
911 5264 1007 5319 causis

209 5333 569 5400 ctiaruecclesiasticis.1d
590 5341 685 5389 nutem
706 5332 810 5391 iactum
830 5348 867 5389 ne
888 5349 903 5389 a
924 5333 1005 5390 tlreo·

211 5413 336 5484 legisset
350 5407 496 5466 canonicis
510 5405 646 5461 doctrinae
657 5404 750 5461 studio
766 5412 929 5472 avocentur,
944 5420 1007 5476 que

210 5493 255 5543 cst
272 5496 335 5537 tera
350 5487 377 5536 ct
389 5476 514 5550 legitima
530 5475 648 5534 scicntia
659 5476 838 5532 clericorum.
849 5474 917 5535 Ideo
929 5475 1008 5548 loges

791 294 967 355 HONORII
988 294 1033 355 111
1055 295 1203 358 OPERA.

1773 299 1834 360 Μ

1029 456 1073 517 sit
1093 456 1202 531 gratia
1226 456 1411 517 ceterarum
1438 456 1664 529 scientiarum,
1687 458 1724 519 et
1745 473 1835 520 rana

1030 554 1130 615 otiam
1145 553 1366 632 pulchritud0,
1381 571 1481 633 quum
1497 555 1697 617 trumentum
1712 555 1836 617 electo·

1030 667 1119 724 rum,
1146 655 1179 714 et
1206 652 1319 713 vinum
1343 653 1535 730 germinans
1561 653 1711 729 virgines
1735 654 1834 731 juxta

1031 750 1225 828 prophetam
1248 750 1292 812 sit
1316 750 1438 811 bonum
1464 752 1712 828 superomnia,
1736 752 1771 812 ei
1793 751 1836 813 sit

1031 847 1222 924 pulchrum
1250 848 1328 926 quia
1350 849 1463 910 tamen
1495 848 1668 924 regulares
1697 847 1836 926 quidam

1032 945 1210 1008 claustrale
1220 945 1552 1022 silentiumetlegem
1560 947 1693 1008 Domini
1703 947 1836 1008 animas

1033 1045 1277 1105 convertentem
1292 1045 1325 1106 et
1343 1044 1540 1121 sapientiam
1557 1044 1692 1105 dantem
1706 1060 1836 1122 parru-

1033 1141 1086 1212 lls,
1101 1157 1200 1219 quam
1223 1158 1324 1219 super
1345 1158 1464 1203 aarum
1488 1143 1522 1203 et
1543 1142 1698 1219 topazion
1721 1157 1837 1203 amare

1034 1239 1225 1312 debuerant,
1242 1242 1447 1317 respuentes,
1462 1238 1585 1302 abeunt
1600 1241 1677 1317 post
1693 1239 1837 1315 vestigia

1033 1354 1182 1414 gregum,
1194 1341 1227 1400 et
1239 1337 1357 1400 illicite
1371 1354 1407 1399 se
1422 1338 1618 1400 convertunt
1632 1337 1674 1399 ad
1686 1337 1840 1415 perlisse-

1035 1452 1117 1514 quas
1125 1436 1382 1513 amplectendas
1393 1453 1467 1513 quae
1480 1436 1633 1513 plausum
1643 1435 1840 1497 desiderant

1035 1535 1246 1613 populorum:
1257 1536 1370 1597 contra
1379 1533 1569 1613 hm'usmodi
1577 1535 1839 1611 praesumptores

1035 1636 1195 1694 exeuntes
1207 1632 1249 1693 ad
1262 1632 1461 1694 audiendum
1476 1633 1578 1709 leges,
1593 1632 1648 1693 vel
1660 1633 1705 1713 (d)
1718 1631 1839 1709 physi-

1036 1747 1120 1803 cam,
1135 1730 1242 1791 felicis
1257 1731 1425 1792 memoriae
1443 1729 1635 1791 Alexander
1649 1729 1840 1806 praedeces-

1037 1844 1093 1890 sor
1107 1828 1220 1890 noster
1234 1828 1314 1889 olim
1333 1828 1477 1890 instituit
1495 1828 1530 1888 in
1548 1827 1697 1889 Concilio
1714 1829 1837 1888 Turon.

1038 1928 1074 1988 ut
1092 1926 1158 1987 nisi
1178 1926 1266 1987 intra
1290 1925 1430 1987 duorum
1447 1926 1611 1987 mensium
1630 1925 1781 2003 spatium
1800 1924 1840 1986 ad

1038 2025 1183 2086 claustra
1205 2023 1376 2096 redierint,
1392 2024 1478 2085 sicut
1498 2023 1783 2085 excommunicati
1802 2021 1841 2083 ab

1039 2121 1190 2184 omnibus
1204 2122 1379 2194 evitentur,
1396 2122 1429 2183 et
1445 2122 1481 2182 iu
1495 2121 1588 2182 nulla
1602 2137 1716 2193 causa,
1734 2122 1765 2181 si
1777 2136 1841 2198 pa-

1037 2220 1216 2283 trocinium
1251 2221 1410 2297 praestare
1439 2219 1616 2288 volueriut,
1645 2219 1840 2279 audiantur.

1040 2318 1296 2382 Reversiautem
1307 2317 1452 2378 inchoro
1463 2317 1703 2395 etcapitu10,et
1712 2332 1840 2387 mensa,

1041 2417 1073 2479 et
1096 2416 1217 2477 ceteris
1239 2415 1346 2477 ultimi
1367 2415 1508 2476 fratrum
1527 2414 1702 2487 exsistant,
1716 2416 1766 2483 et,
1780 2414 1843 2474 nisi

1040 2513 1125 2576 forte
1140 2530 1181 2575 ex
1194 2513 1423 2574 misericordia
1446 2512 1540 2573 Sedis
1557 2512 1773 2590 apostolicae,
1791 2511 1842 2572 to·

1041 2613 1107 2675 tius
1121 2628 1212 2689 spem
1223 2611 1442 2688 promotionis
1455 2610 1618 2671 amittant.
1630 2612 1758 2671 Verum
1768 2608 1843 2686 quia

1042 2710 1194 2772 nonnulli
1209 2726 1252 2771 ex
1263 2709 1397 2780 talibus,
1405 2708 1539 2785 propter
1546 2707 1768 2785 quorumdam
1779 2708 1843 2783 opi·

1042 2810 1169 2881 aiones,
1184 2807 1333 2869 diversas
1354 2806 1587 2868 excusationes
1600 2806 1731 2883 aliquas
1747 2820 1842 2866 assu-

1043 2906 1185 2979 mebant,
1200 2922 1260 2967 nos
1274 2905 1422 2967 solentes
1436 2904 1472 2966 ut
1483 2904 1567 2966 tales
1582 2903 1761 2976 docebere,
1775 2904 1844 2980 ipso

1044 3005 1142 3076 iacto,
1157 3004 1353 3066 sententiam
1364 3002 1718 3064 excommunicationis
1727 3003 1845 3063 incur-

1044 3103 1130 3174 rant,
1145 3100 1293 3162 districte
1307 3099 1528 3177 praecipiendo
1545 3098 1757 3170 mandamus,
1772 3113 1847 3176 qua·

1045 3203 1153 3272 tanus,
1164 3201 1231 3263 tam
1244 3215 1263 3260 a
1274 3197 1471 3261 dioecesanis
1484 3198 1516 3258 et
1528 3196 1672 3275 capitulo
1685 3197 1843 3274 ipsorum,

1047 3424 1146 3483 civiles
1159 3425 1291 3481 Externa
1304 3430 1451 3490 rocarrtur,
1468 3421 1497 3478 in
1512 3435 1577 3478 can.
1590 3422 1633 3489 is,
1645 3420 1752 3493 synodi
1765 3420 1845 3479 Chal·

1048 3496 1139 3553 cadon
1153 3514 1221 3561 παρα
1231 3502 1281 3545 τῶν
1294 3496 1338 3552 tte
1348 3495 1441 3557 νόμων,
1452 3493 1499 3550 ubi
1510 3491 1588 3548 addit
1598 3492 1764 3557 Balsamom
1778 3491 1846 3556 sapi

1047 3573 1097 3616 τῶν
1117 3568 1162 3624 ἔξω
1175 3572 1219 3629 τῆς
1236 3571 1330 3629 γραφῆς
1348 3571 1442 3629 σοφῶν,
1454 3567 1470 3625 ἢ
1482 3568 1505 3614 oi
1512 3570 1563 3614 τῶν
1572 3563 1678 3621 ἑλληιιωιι
1694 3566 1847 3625 συντεθῆναι,

1050 3637 1078 3694 id
1089 3644 1143 3705 est,
1156 3652 1288 3708 genistam
1307 3652 1325 3689 a
1336 3636 1507 3705 sapieirtibas
1517 3635 1565 3705 pai
1576 3637 1642 3690 sant
1656 3638 1741 3689 entra
1756 3632 1843 3700 scrip·

1048 3715 1155 3776 taram,
1167 3723 1216 3765 sca
1230 3707 1342 3773 Gracia,
1353 3710 1419 3762 sunt
1431 3706 1597 3774 composita.
1611 3706 1665 3760 Per
1680 3704 1799 3761 Graecos
1813 3705 1849 3758 in·

1050 3780 1153 3852 telligit
1165 3777 1301 3846 Gentiles,
1314 3785 1345 3834 ut
1360 3777 1426 3833 alibi
1440 3791 1528 3848 saepe.

1088 3886 1126 3960 (b)
1147 3884 1306 3957 Piericam.
1324 3883 1375 3940 Hic
1387 3898 1445 3939 non
1456 3883 1588 3954 intelligit
1600 3881 1776 3938 medicinam
1788 3889 1845 3937 tarr·

1051 3966 1122 4025 tum,
1139 3956 1189 4013 scd
1204 3956 1290 4013 ctiam
1303 3956 1389 4011 totius
1401 3962 1509 4010 naturae
1524 3953 1673 4011 scientiam
1694 3953 1784 4009 nimis
1802 3967 1846 4008 cu·

1051 4030 1167 4095 mosam,
1184 4034 1216 4084 ut
1235 4041 1250 4083 a
1270 4025 1360 4082 lullio
1382 4028 1405 4092 l,
1422 4026 1463 4080 De
1483 4026 1552 4081 Nat.
1575 4027 1651 4079 deor.
1668 4024 1846 4080 extenditur:

1053 4100 1205 4174 Physicnm
1220 4098 1296 4154 ellim
1311 4098 1513 4167 speculatorem
1528 4099 1553 4151 ct
1568 4099 1729 4151 senatorem
1744 4100 1850 4151 antara

1054 4177 1136 4228 vocat
1146 4187 1152 4226 :
1164 4167 1404 4239 ethocprmcipue
1415 4181 1511 4223 verum
1525 4163 1782 4232 dernatbematica,
1809 4177 1851 4220 nn

1053 4242 1147 4315 vergit
1159 4240 1194 4297 ad
1210 4239 1339 4311 magicas
1354 4245 1429 4293 artes
1440 4238 1469 4293 in
1480 4251 1545 4293 can.
1558 4237 1603 4293 36.
1621 4235 1777 4307 SynodiLa
1815 4236 1849 4291 ic.

1056 4329 1112 4370 non
1125 4311 1238 4383 quidem
1254 4310 1332 4366 oruni
1342 4308 1554 4375 mathematica,
1566 4313 1597 4363 ut
1611 4306 1648 4362 ibi
1665 4315 1743 4363 reete
1759 4306 1851 4363 adrer-

1055 4387 1088 4441 tit
1115 4383 1258 4448 Balsama,
1285 4395 1349 4452 qum
1382 4379 1411 4435 in
1439 4385 1559 4450 quatuor
1590 4384 1685 4459 partes
1711 4376 1852 4443 dividitur,

1056 4454 1280 4519 arithmeticam,
1293 4450 1447 4517 musicem,
1463 4456 1662 4522 geometriam,
1680 4455 1708 4504 et
1725 4456 1851 4505 astrono-

1058 4528 1154 4589 miam,
1171 4538 1255 4594 qnam
1274 4528 1448 4594 postremam
1463 4527 1601 4577 tantuma
1621 4522 1740 4577 Carrone
1759 4517 1851 4592 probi·

1056 4598 1115 4654 beri
1131 4595 1208 4661 dicit,
1222 4592 1419 4661 etcoufrrmat
1436 4592 1497 4647 Lib.
1509 4593 1544 4657 V,
1555 4590 1674 4646 Basilio.
1686 4591 1729 4647 lta
1745 4602 1853 4663 quoque

1057 4672 1256 4739 interpretatur
1281 4663 1330 4719 lib.
1358 4664 1392 4729 V,
1421 4664 1586 4731 Respoasor.
1618 4662 1655 4716 ad
1687 4661 1852 4731 interrogat.

1056 4740 1150 4799 Marci
1164 4735 1348 4792 Patrimcba.
1365 4736 1406 4791 De
1421 4732 1467 4789 bis
1487 4733 1572 4789 latius
1592 4732 1621 4787 in
1643 4733 1751 4789 nostris
1765 4734 1853 4788 Para·

1057 4811 1140 4868 titiis.

1095 4910 1133 4980 (c)
1153 4905 1205 4962 llic
1218 4900 1373 4960 notandum
1389 4907 1433 4957 est
1445 4900 1472 4957 in
1489 4899 1622 4957 omnibus
1639 4900 1712 4957 meis
1727 4901 1805 4959 MSS.
1823 4898 1852 4956 tl·

1059 4994 1125 5039 uem
1147 4976 1248 5057 capitis
1267 4973 1344 5030 bunc
1363 4987 1437 5040 esse,
1454 4987 1539 5044 quum
1555 4979 1651 5028 tamen
1668 4972 1697 5028 iu
1710 4972 1852 5044 exempla-

1059 5051 1136 5107 ribus
1150 5048 1233 5104 edrtis
1248 5052 1402 5117 sequautur
1417 5042 1479 5099 brec
1494 5042 1761 5109 resumptionem
1775 5044 1852 5098 Tiro·
1958 5048 1959 5087 l

1061 5121 1140 5190 logia
1153 5127 1209 5175 etc.
1225 5115 1329 5189 quibus
1357 5113 1419 5171 bac
1433 5114 1597 5170 constitutio
1616 5128 1674 5170 nou
1691 5120 1802 5171 tantum
1824 5110 1857 5169 ad

1061 5189 1218 5248 uionacbos
1237 5188 1367 5260 pertinet,
1381 5183 1432 5242 scd
1453 5185 1539 5241 etiam
1559 5183 1594 5241 ad
1614 5199 1718 5241 omnes
1742 5184 1856 5245 clericos

1060 5262 1264 5333 arjuscumqua
1283 5257 1431 5331 dignitatis
1445 5256 1557 5312 luerint.
1569 5253 1648 5323 Quod
1664 5269 1680 5310 a
1699 5253 1856 5313 Rairuundo
1958 5270 1959 5311 f

1061 5333 1187 5390 additum
1202 5331 1371 5401 suspicarer,
1391 5328 1446 5384 uisi
1461 5325 1537 5384 aliud
1551 5323 1715 5384 Boniiacius
1736 5329 1811 5395 Vlll,
1829 5326 1856 5382 in

1062 5405 1163 5533 capul),
1174 5399 1388 5533 ιιιιιὼιὶἰηιιιιοιιιι,
1405 5400 1452 5472 qui
1468 5405 1496 5456 ct
1510 5397 1585 5457 hanc
1604 5405 1715 5471 partem
1729 5397 1856 5455 lionoris

184 5716 448 5803 ἷ-ιιόὂδ-
489 5718 617 5801 ΜΩ,
666 5746 759 5793 see,
820 5720 944 5789 riter
1014 5709 1099 5785 314
