3952 6188
77 293 137 357 097
671 292 717 353 IN
736 287 969 354 nPlPliANni
989 290 1152 355 DOMINI.
1674 296 1735 358 698

78 453 132 514 ecl
154 453 199 514 de
228 452 349 513 Marto
379 451 529 527 Virplnc.
554 447 683 530 (symb.
698 448 777 528 Ap.)
805 450 884 521 Quae
940 449 1234 526 teipsamperbtbe
1260 451 1458 526 cuempiam
1471 450 1639 513 bonoram
1659 465 1736 529 ope·

78 551 184 625 Virgo
210 548 274 611 luit
295 549 373 609 aute
395 550 538 624 partum,
567 547 603 607 in
623 548 733 624 partu,
752 548 786 609 et
812 549 886 624 post
939 563 1020 608 rum
1048 546 1111 626 (Ad
1136 548 1199 609 Tit.
1219 563 1256 617 11,
1286 545 1333 627 7).
1360 549 1523 610 Praelatus
1546 548 1672 626 praebet
1698 566 1736 611 se

78 647 225 724 partum.
242 647 283 707 Et
306 646 378 722 ipse
393 644 485 706 solus
506 645 579 706 sine
595 645 729 721 peccato
752 644 884 705 vixitin
940 643 1126 721 exemplum
1150 643 1312 705 bonorum
1334 660 1471 722 operum
1497 645 1637 708 subditis
1652 646 1733 714 suis.

78 744 217 805 munde.
244 742 336 804 Unde
369 743 487 803 Petrus
503 763 510 802 ε
527 745 591 808 Qui
611 742 792 818 peccalum
815 757 885 803 αοα
940 742 1070 818 quando
1092 739 1216 802 subditi
1237 758 1303 803 nou
1328 741 1518 807 invenerint
1540 744 1664 822 aliquid
1679 760 1736 805 re-

79 842 177 918 fecit,
199 855 264 902 roeo
284 843 380 902 doleis
402 841 564 903 bravonius
587 840 640 901 eit
668 843 787 901 inore
810 842 886 912 ejas
939 838 1163 916 prehensibile
1199 840 1258 900 aut
1294 840 1486 917 corrigibile
1510 843 1546 902 in
1574 857 1625 914 eo,
1647 842 1735 903 unde

79 939 112 1017 (1
127 940 222 1000 Petr.
238 954 275 1009 11,
289 936 355 1016 22).
369 939 416 999 De
437 937 501 998 hoc
515 953 599 998 auro
614 936 737 998 dicitur
753 937 787 996 in
801 935 884 997 libro
939 936 1068 1013 possint
1103 935 1213 998 dicere
1242 957 1249 996 :
1278 939 1411 1000 Medica
1450 955 1538 1001 αανα
1574 939 1735 1015 teipsum,

82 1039 213 1112 Regum
231 1055 240 1095 z
256 1036 352 1096 Fecit
365 1038 524 1096 Salomon
540 1034 703 1096 thronum
725 1035 767 1095 de
786 1036 885 1096 ebore
941 1030 1035 1111 (Luc.
1050 1036 1172 1112 1v,23).
1198 1034 1238 1094 Et
1253 1050 1260 1088 τ
1276 1036 1469 1109 procrllo
1482 1039 1568 1108 ejice
1578 1041 1736 1112 primum

79 1135 266 1211 orandam,
283 1133 317 1194 et
329 1132 550 1192 vestiliteum
560 1145 649 1192 αανα
662 1134 756 1206 noluo
769 1134 883 1203 ritmo,
941 1134 1074 1194 trabem
1086 1134 1127 1192 de
1141 1136 1235 1193 oculo
1248 1132 1317 1203 luo,
1328 1131 1491 1206 etpostea
1503 1137 1736 1210 ejmtesseslo-

81 1230 141 1310 (111
158 1233 247 1306 Reg.
272 1246 308 1300 x,
323 1227 388 1309 18),
410 1228 512 1301 idest,
528 1228 644 1290 rubeo.
663 1229 819 1290 Salomon
839 1228 888 1289 si·
939 1245 1016 1293 αανα
1039 1231 1080 1290 cle
1107 1233 1201 1290 oculo
1229 1229 1356 1303 tt’atrc's
1382 1230 1434 1290 lut
1456 1229 1590 1309 (Matth.
1612 1247 1671 1304 vu,
1688 1230 1734 1310 5).

83 1328 222 1404 gnificat
243 1327 420 1389 Christum.
451 1327 604 1388 Thronus
630 1325 816 1387 Salomonis
837 1328 887 1387 est
941 1330 1050 1401 Quare
1068 1326 1226 1404 praelatus
1243 1324 1341 1387 debet
1359 1326 1482 1388 habere
1502 1328 1625 1389 bonum
1640 1330 1737 1390 testi-

82 1442 138 1486 cor
158 1424 301 1497 humile,
324 1424 402 1501 quia
427 1423 463 1484 in
491 1424 564 1501 ipso
583 1423 763 1501 requiescit
786 1426 884 1495 Deus,
940 1426 1089 1488 monium
1103 1425 1145 1486 ab
1159 1425 1203 1485 iis
1220 1425 1277 1502 qui
1299 1427 1378 1487 suut
1395 1426 1496 1499 intus,
1520 1429 1552 1490 et
1566 1428 1607 1489 ah
1623 1429 1664 1491 iis
1679 1430 1736 1508 qui

82 1523 170 1585 sicut
180 1522 308 1584 dicitur
320 1522 356 1582 iu
372 1522 508 1584 cantico
521 1522 750 1583 canticorum:
766 1525 809 1583 Ια
821 1528 889 1585 lec-
942 1525 1019 1586 suut
1032 1523 1129 1598 soris3
1143 1524 1222 1600 quia
1241 1524 1365 1599 quanto
1380 1523 1504 1600 gradus
1516 1524 1627 1599 altior,
1643 1529 1737 1592 tauto

84 1621 247 1683 ttdomco
265 1635 332 1696 per
354 1621 470 1681 noctes
493 1622 637 1694 qtroeslvi
657 1634 758 1693 quem
778 1621 888 1697 dblpit
942 1638 1039 1684 casus
1053 1621 1189 1698 gravior
1201 1636 1209 1681 ε
1222 1621 1269 1681 nt
1279 1621 1423 1695 ccipias
1434 1625 1675 1699 committitur,
1694 1631 1736 1689 ob

87 1721 207 1780 ααῖνηα
220 1733 300 1779 mco
317 1714 424 1798 (Cant.
441 1732 497 1785 111,
514 1714 559 1796 1.)
576 1717 729 1778 Thronus
746 1716 797 1778 est
814 1715 888 1779 sac·
942 1735 982 1782 co
1000 1725 1081 1794 plus
1101 1718 1268 1795 eatpitur.
1286 1717 1370 1789 Quia
1387 1717 1417 1778 si
1436 1720 1591 1780 sacerdos
1615 1723 1671 1798 qui
1686 1724 1738 1787 est

80 1817 133 1877 tus
146 1814 189 1876 de
220 1814 332 1884 ebore,
347 1814 479 1891 quando
505 1814 632 1874 humile
655 1829 713 1874 cor
734 1814 887 1876 ornatum
942 1818 1073 1888 unctus,
1096 1813 1293 1892 peccaverit,
1314 1813 1395 1877 iacit
1408 1814 1602 1893 delinquere
1616 1822 1736 1895 proxi-

81 1914 131 1974 est
155 1913 324 1974 castitate.
359 1912 508 1974 vestitur
530 1927 612 1974 auro
646 1911 737 1973 fulvo
775 1911 886 1984 nimis,
942 1930 1043 1975 mum.
1057 1914 1233 1974 Peccatum
1242 1911 1449 1989 praelati‚aut
1461 1914 1646 1977 sacerdotis
1659 1918 1736 1979 aliis

83 2009 178 2082 idest,
196 2009 494 2071 munditiacordis.
942 2012 1148 2083 damnosum,
1176 2009 1234 2071 sed
1262 2008 1327 2070 sibi
1355 2010 1580 2086 periculosum
1606 2014 1733 2077 existit.

121 2108 207 2169 Item
232 2107 389 2169 debemus
402 2107 524 2169 afferre
538 2107 630 2169 thus.
645 2106 736 2168 Thus
756 2108 806 2169 est
820 2106 882 2168 de·
942 2112 1035 2170 Tunc
1058 2111 1242 2182 mprrbom
1269 2105 1451 2179 offerimus,
1476 2107 1609 2184 quando
1630 2112 1738 2174 casti-

82 2207 158 2267 vota
171 2206 292 2277 oratio,
307 2205 385 2282 quia
410 2205 496 2266 sicut
519 2203 619 2266 habet
639 2220 774 2266 suavem
803 2204 885 2266 odo·
938 2222 1055 2282 gamus
1067 2220 1208 2282 corpora
1222 2203 1348 2275 nostra,
1376 2203 1411 2265 et
1431 2203 1638 2268 subditorum
1653 2224 1738 2277 nos-

81 2316 164 2374 rem,
194 2302 243 2363 ita
265 2302 384 2363 devota
405 2304 438 2363 et
457 2317 542 2378 pura
567 2301 674 2363 oratio
698 2304 834 2378 accepta
852 2301 886 2363 et
939 2306 1077 2365 trorum.

82 2399 200 2460 suavis
223 2401 274 2460 est
287 2401 367 2460 Deo.
386 2397 467 2458 Inde
488 2398 539 2459 est
561 2396 648 2473 quod
672 2397 707 2457 in
723 2397 826 2458 Missa
839 2396 887 2457 iu·
979 2399 1136 2476 Legimus
1151 2397 1238 2476 quod
1258 2399 1424 2473 apparuit
1443 2403 1612 2465 Dominus
1625 2405 1739 2480 Mopsi

81 2510 225 2557 censum
244 2494 285 2556 ad
310 2509 424 2555 omues
451 2494 609 2566 defertur,
633 2495 670 2555 ut
693 2494 887 2556 ostendatur
939 2504 978 2561 in
991 2499 1134 2572 [Ιαναναα
1159 2500 1251 2571 lpum
1270 2499 1311 2558 bc
1329 2499 1445 2559 incolo
1470 2502 1560 2571 mebi,
1574 2501 1609 2561 et
1631 2505 1739 2567 rubus

80 2592 172 2670 quod
199 2592 342 2653 oratioe
362 2591 533 2652 sacerdote
557 2590 644 2652 lacta
664 2592 700 2652 in
719 2592 823 2654 Missa
844 2591 885 2652 ad
939 2595 1081 2658 arcebat
1094 2592 1736 2680 atrioncolubarcbotor.(Exod.111,2).

81 2705 202 2751 omnes
223 2689 381 2766 pertinet.
418 2688 512 2750 Unde
542 2688 701 2765 pracepit
725 2689 885 2751 Dominus
941 2696 1006 2754 Per
1045 2693 1183 2768 Moysen
1211 2689 1267 2767 qui
1295 2690 1391 2753 dunt
1420 2692 1579 2768 populum
1605 2697 1666 2758 Dei
1696 2697 1737 2760 de

81 2786 886 2848 thusofferriinsacriflciosacriliciumestomue
939 2791 1066 2866 Egypto
1081 2788 1122 2849 ad
1141 2787 1340 2857 Jerusalem,
1355 2788 1588 2864 significantur
1606 2794 1738 2869 praelati

84 2900 169 2961 opus
178 2883 315 2945 bonum.
327 2884 417 2944 Thus
428 2883 612 2945 oii'erlurin
623 2884 885 2961 sacriflcio‚quia
940 2885 1097 2948 Ecclesiae
1126 2884 1183 2964 qui
1203 2883 1324 2947 debent
1349 2885 1472 2948 ducere
1491 2889 1650 2966 populum
1673 2891 1738 2955 sibi

85 2982 196 3043 oratio
212 2997 344 3059 semper
357 2981 454 3043 dehet
472 2997 546 3043 esse
563 2998 640 3043 cum
666 2997 767 3060 opere
786 2981 883 3043 bono.
941 2984 1126 3063 subjectum
1141 2982 1181 3044 de
1195 2982 1343 3045 tenebris
1358 2983 1458 3060 hujus
1477 2987 1591 3047 mundi
1606 2989 1648 3049 ad
1663 2989 1738 3051 cla-

87 3079 183 3140 Dnde
209 3078 326 3141 beatus
346 3079 526 3154 Gregorius
542 3101 550 3139 z
564 3079 699 3141 <Valde
723 3079 788 3140 sibi
814 3080 885 3142 haec
939 3083 1071 3144 ritatem
1086 3080 1226 3142 visionis
1241 3080 1344 3157 pacis.
1365 3083 1497 3158 Moyses
1509 3081 1572 3144 fuit
1586 3100 1740 3165 assump·
1793 3098 1798 3105 '

89 3176 202 3253 utique
217 3176 408 3238 necessario
417 3176 618 3252 congruunt,
633 3178 669 3239 ut
688 3176 721 3240 et
735 3178 886 3239 oratione
940 3180 1262 3256 tusdeaqua.nquae
1272 3179 1349 3237 suni
1358 3177 1483 3254 populi,
1493 3180 1740 3247 utaitloaunes

89 3273 247 3349 operatio,
273 3274 306 3335 et
329 3273 522 3350 operatione
555 3273 714 3336 fulciatur
745 3275 887 3337 oratio.»
941 3273 1208 3352 inApocalypsi:
1221 3276 1329 3348 Apule
1342 3274 1471 3345 multra,
1488 3280 1607 3351 poploe
1625 3281 1739 3343 multi.

90 3372 340 3433 meorumnam
356 3371 457 3440 volet,
471 3370 508 3431 ut
525 3369 671 3432 lacobus
683 3372 742 3443 ait,
759 3374 887 3446 bepre-
942 3371 1079 3435 Praelati
1089 3384 1306 3446 ergosemper
1316 3368 1436 3431 debent
1445 3372 1586 3447 reperiri
1594 3374 1629 3434 in
1639 3391 1739 3452 aqua,

91 3468 174 3529 cotto
188 3470 282 3541 justi
299 3470 452 3539 assidua,
469 3470 570 3540 crpus
591 3469 704 3529 oratio
724 3468 888 3542 periebat
943 3468 1071 3531 scilicet
1084 3468 1121 3529 in
1135 3467 1265 3544 populis
1280 3467 1361 3539 suis,
1376 3484 1456 3530 cura
1468 3469 1502 3531 et
1517 3471 1740 3536 sollicitudine

91 3569 222 3637 coelam,
236 3565 322 3627 sicut
332 3565 413 3626 dicit
425 3564 679 3626 Ecclesiasticus
692 3562 809 3644 (xxxv,
820 3564 887 3645 21).
944 3569 980 3629 ut
992 3565 1188 3644 provideant
1197 3565 1247 3626 eis
1256 3564 1292 3625 in
1302 3565 1541 3643 temporalibus
1556 3569 1585 3629 si
1598 3571 1739 3648 oportet,

92 3661 181 3723 Unde
193 3662 374 3740 Apostolus
390 3665 492 3725 :Sine
506 3663 764 3725 intermissione
776 3664 888 3737 orote,
943 3667 977 3727 et
1000 3664 1035 3725 in
1059 3662 1260 3725 coelestibus.
1284 3661 1410 3735 Quibus
1430 3664 1581 3727 sollicitis
1605 3668 1638 3731 et
1655 3668 1741 3733 bene

93 3755 144 3837 (ad
161 3760 281 3820 Thess.
304 3761 334 3832 1,
362 3776 394 3831 v,
410 3757 478 3838 17),
497 3758 629 3821 iratres.
648 3760 687 3821 Ei
705 3760 792 3821 sicut
810 3761 888 3821 thus
944 3762 1015 3824 suis
1036 3760 1167 3839 populis
1189 3760 1443 3837 providentibus
1463 3766 1601 3841 apparet
1622 3768 1740 3829 Domi-

93 3857 276 3934 perignem
290 3856 395 3934 spirat
415 3856 450 3917 in
471 3856 586 3929 altum,
601 3857 648 3919 ita
665 3856 889 3933 perderetio-
943 3876 1018 3922 uus.
1046 3858 1223 3920 Psalmista
1256 3858 1305 3921 ait
1329 3879 1337 3919 :
1366 3859 1527 3921 Dominus
1551 3863 1641 3924 Deus
1667 3868 1742 3942 ejus

93 3966 162 4014 nem
175 3954 287 4017 oratio
311 3954 463 4032 penetrat
486 3955 618 4016 coelum.
646 3956 741 4018 Unde
765 3955 886 4019 David:
944 3959 1001 4035 qui
1016 3957 1185 4019 estuans
1206 3959 1243 4018 tn
1258 3972 1315 4028 co,
1337 3956 1370 4019 el
1385 3960 1458 4033 lpse
1472 3961 1631 4034 fundavit
1644 3977 1740 4036 earm

95 4052 276 4129 Dtrtpatur
291 4054 437 4114 Domine
449 4053 562 4114 oratio
580 4067 659 4115 mea
675 4054 891 4116 montiacen-
944 4054 1013 4136 (Ps.
1029 4070 1172 4126 imur,
1186 4053 1233 4134 5),
1250 4054 1346 4125 idest,
1372 4053 1472 4116 natus
1497 4055 1585 4116 inter
1606 4057 1741 4120 Judaeos

95 4160 166 4209 sum
179 4153 221 4211 ln
234 4150 416 4225 conspectu
430 4150 498 4210 tuo.
515 4147 585 4228 (Ps.
600 4151 668 4219 140,
681 4147 730 4229 2.)
945 4156 979 4215 et
991 4152 1116 4213 creavit
1128 4167 1197 4212 eos.
1215 4152 1254 4212 nt
1267 4150 1330 4212 hoc
1352 4152 1430 4229 quia
1443 4152 1645 4229 Altissimus,
1655 4156 1743 4219 idest

131 4247 295 4309 Debemus
308 4247 429 4308 offerre
445 4247 614 4324 myrrham
629 4248 780 4308 Domino.
797 4249 890 4324 Myr-
943 4253 1031 4311 Deus
1045 4249 1078 4310 et
1098 4248 1245 4321 Creator,
1275 4248 1414 4321 scilicet,
1439 4250 1589 4312 Clirisius
1602 4253 1742 4329 apparet

96 4341 152 4404 rba
162 4345 217 4407 est
230 4344 442 4407 mortificatio
457 4343 579 4416 carnis,
601 4343 679 4420 quia
694 4344 780 4406 sicut
794 4360 888 4421 myr-
945 4345 1092 4425 praelatis
1115 4345 1151 4405 in
1171 4345 1306 4405 flamma
1320 4345 1420 4420 ignis,
1444 4346 1522 4422 quia
1535 4350 1742 4421 impossibile

96 4438 153 4502 rba
161 4442 286 4504 occidit
298 4457 428 4504 vermes
443 4441 478 4501 iu
496 4440 692 4518 corporibus
703 4441 888 4514 hominum,
944 4444 1007 4516 est,
1030 4442 1067 4504 ut
1088 4441 1135 4503 ait
1160 4440 1301 4512 Paulus,
1326 4445 1403 4502 siue
1426 4442 1493 4513 lide
1511 4447 1647 4517 placere
1669 4447 1743 4509 Deo

98 4540 347 4615 ueputrescant,
365 4539 412 4601 ita
432 4538 590 4616 praelatus
617 4537 715 4600 debet
739 4538 891 4600 occidere
946 4540 1061 4621 (liebr.
1082 4555 1130 4612 11,
1150 4536 1197 4618 6).
1220 4537 1347 4598 Debent
1374 4538 1520 4615 perlecto
1543 4540 1691 4616 credere,
1709 4545 1745 4607 et

97 4648 235 4711 uermes,
263 4637 361 4706 idest,
387 4636 469 4697 vitia
493 4637 527 4698 et
546 4636 682 4713 peccata
704 4635 739 4696 iu
759 4652 796 4697 se
810 4636 890 4698 etin
946 4637 1085 4716 apparet
1101 4636 1150 4698 eis
1161 4635 1321 4696 Dominus
1336 4637 1435 4697 lesus
1445 4635 1480 4697 in
1495 4636 1628 4699 ssamma
1639 4639 1741 4716 ignis.

101 4732 241 4797 subditos
256 4751 346 4796 suos.
369 4737 457 4795 inse
479 4734 597 4812 primo,
616 4734 664 4796 ita
686 4734 725 4796 ut
746 4734 815 4797 vita
829 4750 890 4796 sua
946 4735 1035 4813 Ignis
1048 4734 1089 4797 de
1104 4734 1181 4810 igue
1200 4748 1275 4794 cum
1296 4732 1442 4807 flamina,
1468 4733 1509 4796 de
1531 4736 1670 4816 utroque
1691 4741 1743 4804 est

102 4828 141 4891 sit
149 4830 183 4892 in
196 4834 378 4910 conspectu
389 4831 450 4893 Dei
458 4833 491 4893 et
501 4831 673 4893 homiuum
683 4831 891 4910 irrepreheu·
946 4833 1048 4896 calor.
1076 4831 1167 4909 iguis
1190 4845 1270 4907 ergo
1298 4832 1350 4893 est
1371 4833 1482 4905 Pater,
1504 4833 1562 4910 qui
1584 4837 1636 4898 est
1652 4836 1742 4913 iguis

103 4925 212 5005 sibilis,
237 4930 281 4993 sit
295 4930 448 5003 honesta,
478 4929 523 4989 sit
548 4929 734 5006 splendida,
760 4947 828 4992 nou
847 4930 892 4991 sit
946 4944 1157 5001 consumens,
1174 4928 1308 4989 flamina
1325 4929 1376 4991 esi
1396 4929 1501 4991 Filius
1516 4931 1573 5008 qui
1587 4932 1628 4994 de
1643 4935 1743 4998 Patre

104 5021 182 5099 dcta,
197 5027 317 5090 nonsit
328 5026 481 5105 reproba,
498 5042 564 5087 nou
588 5026 633 5089 sit
654 5042 823 5104 peruersa,
843 5028 891 5089 ita
945 5029 1023 5090 ante
1046 5026 1158 5088 omnia
1184 5026 1318 5098 saecuta,
1344 5025 1448 5101 calor,
1470 5028 1527 5105 qui
1539 5028 1580 5090 ab
1602 5031 1743 5109 utroque

104 5119 137 5181 ut
149 5124 268 5187 subditi
278 5125 423 5186 babeant
437 5123 624 5201 exemplum
639 5125 716 5186 vitae
729 5141 799 5186 suae
813 5128 890 5187 ante
946 5126 997 5188 est
1014 5124 1157 5202 Spiritus
1182 5125 1323 5185 Sanctus
1342 5126 1524 5200 procedens
1543 5142 1564 5187 a
1587 5127 1686 5188 Patre
1709 5129 1744 5192 et

105 5220 209 5282 oculos
222 5237 348 5294 eorum,
368 5222 404 5283 ut
418 5221 459 5282 de
472 5221 547 5298 ipso
558 5221 649 5282 dicat
659 5222 888 5298 Evangelista:
946 5223 1044 5286 Filio.
1073 5219 1168 5284 Unde
1187 5241 1195 5281 z
1221 5224 1295 5285 Nec
1313 5222 1365 5283 est
1383 5226 1441 5296 qut
1459 5236 1497 5285 se
1516 5225 1700 5286 abscondat
1720 5241 1743 5287 a

104 5314 343 5382 Salmantica>
368 5320 487 5380 oestro
503 5333 623 5381 coram
632 5321 837 5391 bominibus,
852 5321 891 5380 ot
944 5326 1059 5383 calore
1074 5320 1160 5392 ejus,
1184 5314 1254 5396 (Ps.
1277 5334 1375 5391 nuru,
1397 5317 1443 5398 7),
1467 5318 1554 5380 idest
1574 5333 1594 5380 a
1616 5319 1742 5395 Spiritu

105 5414 355 5494 vueantopera
372 5418 491 5478 oestro
508 5419 605 5489 betta,
630 5418 665 5479 et
699 5418 890 5494 plorittcent
947 5418 1081 5488 Sancto,
1098 5431 1162 5494 quo
1185 5416 1353 5478 scrutatur
1370 5415 1513 5492 Spiritus
1535 5415 1675 5476 Sanctus
1693 5417 1743 5479 iu-

108 5510 245 5577 Patrem
256 5514 413 5577 vestiam
427 5516 485 5588 poi
498 5516 534 5575 ln
543 5517 636 5577 ccctis
645 5515 698 5578 eet
712 5512 842 5586 (natu.
854 5529 888 5587 v,
944 5515 1071 5578 teriora
1083 5511 1239 5574 hominis.
1254 5514 1293 5574 Et
1307 5512 1393 5574 sicut
1407 5510 1495 5587 ignis
1518 5511 1551 5571 et
1565 5510 1698 5577 flamma
1711 5517 1744 5581 et

110 5603 623 5691 16)·DtApostolusodTitum
647 5615 717 5676 :la
735 5615 891 5680 ornmbm
946 5612 1038 5677 calor
1052 5611 1151 5675 simul
1165 5610 1252 5683 sunt,
1269 5609 1318 5672 sic
1342 5607 1378 5670 in
1406 5622 1473 5671 una
1501 5609 1646 5674 essentia
1665 5616 1744 5679 sunt
