3996 6196
220 290 259 347 3„
883 256 1059 346 uosoau
1083 291 1127 350 111
1150 294 1297 354 00000.
1833 304 1876 364 (0

219 450 315 510 cetur
342 449 375 508 in
410 447 617 509 dedicatione
651 448 838 507 samiorum
869 447 958 508 Petri
988 448 1018 507 01

226 546 332 617 Pauli,
349 549 381 607 et
396 545 590 623 quibusdam
607 545 682 605 aliis
700 544 943 605 festivitatibus.

264 731 305 788 ll.
329 730 497 794 Ottotuodo
522 727 626 786 datter
646 726 901 800 presbyterium
918 724 976 805 (1).

263 874 291 930 4.
311 869 419 931 Priori
434 869 535 945 igitur
545 869 775 945 episcoporum
786 871 943 930 Romanae
956 871 1019 928 Ec-

223 968 333 1028 clesiae
348 968 404 1028 dat
419 967 572 1028 dominus
595 970 684 1043 Papa
709 966 911 1043 duplicatum
924 982 1018 1043 pres-

222 1066 398 1141 byterium,
425 1065 554 1125 scilicet
574 1066 717 1141 quatuor
737 1064 941 1141 melequinos
957 1062 1015 1142 (2),

223 1166 256 1224 et
268 1162 540 1240 quatuorsolldos
552 1164 588 1222 in
601 1164 675 1224 den.
691 1161 1017 1239 Papiens.;0mnibus

224 1263 334 1321 autem
350 1261 526 1337 episcopie,
543 1264 575 1322 et
593 1261 669 1321 aliis
693 1261 795 1322 curiae
810 1260 892 1321 duos
906 1276 1019 1321 mara-

224 1359 365 1429 botinos,
392 1362 425 1420 et
439 1359 520 1419 duos
549 1358 672 1420 solidos
701 1359 868 1434 Papiens.,
895 1356 1017 1433 singuli

223 1458 388 1517 similiter.
417 1458 451 1517 Si
484 1455 568 1516 forte
589 1455 859 1533 archiepiscopus
896 1456 1017 1533 aliquis

223 1556 403 1615 extraneus
427 1556 505 1614 tunc
521 1569 667 1630 praesens
689 1553 799 1625 fuerit,
816 1570 875 1631 pro
898 1554 1019 1614 volun-

223 1653 289 1712 tate
315 1650 439 1711 domini
460 1650 564 1710 nostri
584 1654 683 1728 Papae
707 1650 764 1711 dat
790 1652 822 1710 ei
848 1650 1018 1727 presbyte-

224 1750 310 1809 rium
324 1771 330 1809 :
348 1748 404 1809 sed
416 1748 456 1809 de
471 1748 622 1824 portione
635 1749 763 1810 tantum
776 1746 871 1808 debet
881 1747 1015 1819 habere,

223 1849 381 1924 qnantum
407 1860 507 1922 supra
538 1845 644 1907 dictus
660 1847 752 1923 prior
775 1846 1015 1923 episcoporum,

223 1946 364 2022 quatuor
378 1944 505 2006 scilicet
519 1943 734 2020 melequinos,
749 1944 782 2004 et
792 1943 927 2004 totidem
943 1944 1018 2004 soli·

222 2044 281 2104 dos
304 2044 357 2102 :si
381 2058 461 2103 sero
487 2042 610 2119 aliquis
636 2042 810 2118 episcopus
838 2042 1017 2103 exuaneus

223 2140 331 2212 fuerit,
349 2156 451 2200 unum
471 2139 692 2217 melequinum
716 2138 813 2201 debet
835 2139 969 2212 babere,
986 2142 1018 2201 01

222 2238 394 2299 duodecim
410 2238 484 2299 den.
502 2238 656 2313 Pupiens.
673 2237 783 2298 Priori
807 2237 1019 2315 presbytero-

222 2352 294 2396 rum
311 2334 530 2396 cardinalium
557 2333 613 2396 dat
638 2335 791 2395 dominus
818 2337 908 2412 Papa
934 2336 1016 2396 (1003

222 2434 437 2511 melequinos,
450 2434 483 2494 et
492 2433 626 2494 totidem
641 2432 774 2503 solidae,
785 2449 844 2510 pro
855 2434 1014 2509 prioratu.

223 2533 331 2594 Priori
347 2531 614 2608 presbyterorum
622 2530 733 2591 Sancti
749 2530 917 2591 Laurentii
933 2530 1015 2592 foris

222 2646 333 2690 ruuros
349 2646 408 2706 pro
419 2629 528 2699 laude,
539 2629 621 2689 duos
637 2628 790 2689 similiter
798 2627 1013 2705 melequinos,

221 2730 255 2788 01
268 2728 403 2789 totidem
420 2726 542 2788 solidos
559 2749 566 2786 :
581 2725 733 2789 omnibus
746 2725 778 2787 et
788 2726 929 2801 singulis
939 2727 1015 2787 aliis

223 2825 422 2902 presbyteris
432 2823 657 2886 cardinalibus
668 2841 768 2885 unum
779 2825 1012 2902 melequinum,

220 2927 252 2986 et
266 2924 437 2985 duodecim
453 2922 607 2985 denarios
623 2923 813 2999 Papienses.
831 2923 939 2984 Priori
954 2939 1016 2984 00-

219 3025 285 3083 tem
308 3022 523 3084 diaconorum
547 3020 766 3083 cardinalium
792 3022 932 3099 quatuor
950 3037 1015 3084 me·

219 3120 381 3198 lequincs,
407 3122 440 3185 et
464 3120 597 3182 totidem
627 3121 750 3181 solidos
776 3136 835 3197 pro
853 3121 1011 3197 prioratu,

218 3219 434 3297 presbyteria,
452 3220 484 3280 et
498 3219 596 3280 laude
612 3219 827 3279 diaconorum
840 3221 872 3280 et
885 3218 1015 3279 subdia·

217 3334 374 3379 <tonorum
396 3317 571 3379 :omnibus
593 3317 670 3378 aliis
692 3315 887 3378 diaconibus
902 3317 1014 3379 01310-

216 3417 302 3491 gulis
318 3433 418 3476 unum
434 3416 667 3493 melequinum,
681 3418 713 3477 et
728 3416 900 3476 duodecim
916 3414 1014 3477 dena·

216 3517 283 3575 rios
294 3515 448 3591 Papieus.
462 3515 608 3575 Diacouo
619 3518 735 3574 Graeco
746 3530 847 3575 unum
857 3513 1014 3591 melequi-

215 3630 306 3681 num,
325 3614 357 3672 et
383 3612 556 3672 duodecim
583 3612 739 3671 denarios
768 3612 959 3687 Papienses.
977 3613 1012 3673 Si

217 3712 300 3771 forte
316 3709 436 3785 aliquis
451 3708 553 3769 abbas
568 3709 721 3769 mitratus
735 3723 882 3785 praesens
900 3708 1010 3782 100011,

217 3807 317 3867 (10101
333 3822 433 3865 tantun
454 3805 686 3882 melequinum,
716 3807 749 3866 et
773 3804 945 3867 duodecim
960 3807 1012 3867 de·

218 3906 330 3965 uarios
346 3905 536 3981 papienses.
549 3903 781 3965 primicerio...
796 3903 851 3965 dat
866 3905 896 3964 ei
910 3921 1011 3965 unum

218 4003 451 4080 melequinum,
469 4004 500 4063 et
516 4001 687 4062 duodecim
703 4001 857 4062 denarios
875 4004 1012 4080 Papian-

218 4120 281 4162 303.
302 4102 411 4162 Priori
428 4100 704 4162 subdiaconorum
734 4116 835 4160 unum
857 4100 1012 4180 melequi-

217 4217 312 4273 num;
327 4199 478 4261 omnibus
489 4199 565 4260 aliis
579 4198 833 4259 subdiaconibus
846 4200 1010 4261 similiter.

217 4299 253 4358 Sl
270 4300 369 4359 etiam
391 4299 521 4359 centum
537 4297 657 4368 essent,
674 4297 829 4359 uidelicet
855 4299 1009 4376 quinque,

218 4397 270 4458 sel
286 4398 359 4474 plus
375 4397 566 4469 autminus,
595 4395 767 4457 duodecim
795 4397 1010 4473 melequinos

219 4495 427 4557 subdiacono
438 4498 554 4556 Graeco
568 4511 669 4555 unum
685 4494 918 4571 melequinum.
936 4496 1013 4555 Uni·

218 4596 335 4669 carique
347 4594 652 4654 sclrolaecantorum
664 4609 766 4653 unum
777 4593 1009 4670 melequinum:

218 4691 396 4766 unicuique
412 4690 533 4750 scholae
549 4691 674 4760 Crucis,
687 4691 826 4766 quiesse
839 4691 959 4752 debent
972 4691 1012 4753 (10

215 4790 291 4863 jure
307 4788 348 4847 ad
363 4788 437 4864 plus
457 4786 608 4863 quatuor,
632 4787 665 4846 01
690 4802 755 4846 000
776 4786 898 4863 plures.
916 4789 1013 4849 Prior

219 4882 484 4960 presbyterorum
498 4882 756 4959 capellanorum,
771 4883 828 4960 qui
847 4886 923 4946 sunt
935 4886 1009 4958 (100,

219 4980 453 5057 etnonplures,
465 4996 567 5041 unum
583 4980 820 5056 melequinum:
835 4982 1012 5059 unicuique

216 5078 467 5155 capellanorum
483 5078 608 5139 domini
624 5081 723 5154 Papae
738 5095 840 5139 unum
858 5080 1013 5158 melequi-

254 5232 295 5306 (1)
316 5227 822 5303 10031101ον100(11011001000111001
847 5230 922 5303 quod
942 5233 1012 5289 Pon-

218 5302 310 5362 titlces
322 5301 443 5359 1100001
457 5299 625 5357 distribuere
637 5300 729 5358 solent
740 5302 768 5357 10
779 5300 947 5373 quibusdam
958 5304 1011 5359 cir·

215 5373 407 5433 cumstantiis.

255 5446 296 5519 (t)
317 5443 503 5515 Meleqniaus,
528 5441 574 5498 vel
599 5442 793 5515 melequinus,
818 5451 932 5501 moneta
957 5445 1008 5501 ita·

218 5517 282 5641 liga.
297 5544 336 5653 7)-
354 5516 510 5587 Pupienses
530 5512 622 5583 solidi,
639 5523 752 5572 moneta
774 5515 897 5572 civitatis
916 5515 1011 5588 Papiae

257 5602 318 5641 ueta
335 5629 341 5642 .

220 5590 230 5659 (
256 5660 297 5731 tc)
320 5660 450 5713 Formam
467 5655 629 5727 lntjusmodi
650 5656 822 5728 calceorum,
836 5657 1011 5729 aliorumque

1075 467 1164 513 nuru
1183 456 1344 516 Praefecto
1371 455 1475 528 urbis,
1490 458 1547 518 XL
1576 460 1699 522 solidos
1712 462 1787 523 den.
1804 466 1874 525 Pa-

1074 550 1193 625 piens.,
1210 553 1266 629 qui
1290 554 1444 616 videlicet
1469 556 1645 632 praefectus
1660 558 1702 619 ab
1728 561 1872 624 ecclesia

1075 649 1205 711 Sanctae
1215 651 1363 726 virginis
1376 654 1492 715 Mariae
1520 672 1623 733 usque
1646 658 1687 718 ad
1709 659 1871 736 palatium

1074 744 1871 839 indutusmantcpreciom,etcalceatuszancata)

1074 860 1139 905 una
1154 860 1268 919 aurea,
1286 846 1332 925 (ld
1348 850 1474 911 estune
1489 852 1624 931 caliga),
1636 854 1742 915 altera
1752 856 1868 929 rubea,

1073 941 1187 1004 eadem
1203 945 1256 1005 die
1272 947 1303 1006 et
1318 949 1462 1009 secrmda
1490 949 1554 1022 die,
1571 951 1604 1011 01
1617 952 1718 1012 etiam
1740 953 1776 1012 in
1790 955 1870 1016 dua-

1072 1038 1133 1100 bus
1148 1042 1262 1102 diebus
1274 1045 1422 1117 Paschae,
1435 1048 1468 1107 et
1477 1048 1608 1124 quando
1618 1051 1709 1125 Papa
1720 1049 1869 1127 eligitur,

1070 1140 1165 1214 Juxta
1192 1141 1359 1201 dominum
1373 1146 1497 1219 Papam
1512 1145 1750 1208 collateraliter
1775 1150 1868 1210 nullo

1073 1236 1181 1297 medio
1197 1240 1373 1314 equitando
1397 1241 1531 1303 incedit.
1557 1245 1756 1306 Senatorum
1775 1263 1866 1317 rere,

1073 1335 1129 1410 qui
1142 1336 1219 1395 tunc
1235 1336 1307 1397 urbi
1323 1342 1480 1414 00003001,
1493 1341 1652 1402 medietas
1666 1343 1794 1406 accedit
1808 1361 1869 1421 pro

1073 1431 1289 1509 presbyterio,
1320 1438 1353 1496 01
1375 1436 1416 1496 ad
1441 1438 1677 1500 coniedendum
1704 1457 1779 1501 cum
1808 1442 1869 1503 (10-

1073 1530 1163 1591 mino
1178 1533 1268 1609 Papa
1285 1550 1292 1588 ι
1310 1550 1449 1610 qnorum
1461 1537 1519 1596 uni
1530 1536 1681 1598 dominus
1697 1542 1800 1616 Papa,
1814 1540 1866 1601 vel

1073 1627 1198 1689 duobus
1214 1646 1273 1707 pro
1288 1632 1537 1703 omnibnsaliis,
1551 1635 1793 1713 presbyterium
1807 1654 1867 1715 pro

1073 1742 1269 1805 unoquoque
1297 1732 1449 1792 senatore
1477 1732 1630 1795 similiter
1654 1750 1755 1795 unum
1770 1736 1867 1797 mele·

1073 1825 1209 1900 quinum
1223 1848 1231 1901 ;
1248 1826 1304 1888 dat
1318 1827 1470 1889 dominus
1485 1832 1575 1907 Papa
1590 1832 1770 1910 unicuique
1780 1833 1868 1911 judi-

1072 1938 1147 1984 cum
1162 1923 1253 1984 urbis
1277 1941 1378 1986 unum
1406 1928 1640 2005 melequinum,
1670 1932 1778 1992 etXIl
1792 1932 1869 1993 soli·

1072 2020 1131 2082 dos
1145 2021 1220 2081 den.
1237 2024 1404 2100 Papiens.,
1420 2028 1557 2103 excepto
1566 2028 1689 2104 priore,
1704 2030 1760 2105 qul
1772 2029 1867 2090 debet

1073 2118 1195 2180 habere
1218 2137 1319 2181 unum
1340 2123 1562 2200 melequinum
1588 2124 1675 2187 ultra
1702 2142 1763 2203 pro
1780 2129 1868 2204 prio·

1071 2218 1157 2289 ratu,
1175 2220 1208 2279 et
1219 2236 1320 2281 unum
1339 2221 1562 2298 melequinum
1586 2238 1646 2300 pro
1661 2223 1770 2285 laude.
1790 2226 1868 2286 Uni·

1072 2316 1189 2392 cuique
1204 2317 1439 2380 advocatorum
1453 2336 1554 2383 unum
1578 2321 1813 2399 melequinum,
1835 2324 1868 2385 et

1071 2413 1153 2474 duos
1168 2414 1291 2476 solidos
1305 2416 1380 2477 deu.
1397 2419 1550 2494 Papiens.
1568 2419 1727 2481 Omnibus
1742 2421 1868 2482 scrina-

1071 2511 1142 2583 riis,
1160 2514 1317 2590 quotquot
1341 2518 1505 2587 3001300
1528 2517 1733 2594 melequinos
1757 2520 1867 2580 01301(

1071 2609 1282 2671 3011103100.
1307 2614 1462 2688 Papiens.
1478 2613 1658 2675 Praefectus
1684 2617 1867 2689 navalium,

1071 2707 1127 2783 qui
1152 2707 1274 2769 dicitur
1303 2711 1455 2785 sangari,
1482 2712 1564 2774 dnos
1588 2714 1806 2790 melequinos,
1836 2716 1868 2776 et

1071 2806 1211 2882 quatuor
1223 2807 1318 2868 solid.
1343 2808 1417 2869 (100.
1441 2811 1595 2887 Ρο01003.
1611 2813 1650 2873 Et
1671 2812 1755 2873 sciat
1769 2829 1869 2873 secu·

1071 2903 1143 2963 tura
1154 2906 1340 2981 posteritas,
1354 2907 1439 2983 quod
1450 2908 1532 2968 nulli
1541 2909 1600 2970 alii
1611 2909 1762 2971 dorniuus
1772 2913 1865 2988 Papa

1069 3005 1203 3081 propria
1219 3021 1329 3078 manu,
1348 3006 1412 3066 nisi
1428 3008 1580 3084 superins
1604 3009 1795 3081 nominatis,
1810 3009 1868 3070 de·

1068 3100 1123 3163 bet
1138 3103 1377 3179 presbyterium
1390 3104 1480 3166 dare.
1494 3106 1752 3183 Presbyterlum,
1770 3108 1805 3169 01
1816 3124 1866 3167 su·

1069 3200 1181 3277 pertus
1196 3201 1318 3262 dictum
1334 3204 1394 3273 031,
1412 3203 1467 3264 (101
1482 3204 1634 3265 domiuus
1649 3208 1751 3282 Papa.

1108 3301 1137 3360 5.
1157 3299 1210 3359 Sic
1229 3300 1363 3362 indutus
1384 3302 1516 3363 ducitur
1534 3318 1554 3363 a
1574 3304 1733 3379 magistro
1758 3320 1868 3365 senes·

1068 3396 1171 3469 calc0,
1188 3400 1220 3459 01
1234 3414 1255 3458 0
1269 3399 1427 3473 magistro
1445 3400 1485 3460 ad
1501 3416 1649 3461 mensam
1668 3401 1704 3461 in
1727 3402 1867 3463 basilica

1068 3496 1188 3556 Leonis
1216 3512 1309 3573 papae
1328 3499 1373 3557 111
1389 3494 1448 3575 (3).
1465 3498 1514 3557 Ad
1529 3514 1678 3559 mensam
1691 3514 1770 3561 vero
1786 3499 1867 3576 legit

1068 3610 1152 3654 unus
1167 3594 1207 3656 de
1222 3594 1370 3655 diaconis
1385 3594 1609 3656 cardinalibus
1620 3613 1694 3657 cum
1708 3597 1865 3674 pluviali:

1067 3692 1156 3752 circa
1176 3707 1255 3753 vero
1284 3693 1382 3753 tinem
1406 3709 1529 3755 mensae
1553 3693 1666 3755 schola
1690 3696 1865 3756 cantorum

1069 3788 1165 3851 debet
1180 3790 1315 3851 cantare
1331 3792 1556 3867 sequentiam.

1128 3961 1185 4020 Ill.
1210 3962 1294 4027 Quid
1309 3964 1468 4021 (10001000
1475 3966 1574 4035 Papa
1587 3961 1682 4023 debet
1695 3964 1813 4035 fucere

1238 4061 1274 4118 10
1286 4059 1373 4132 festo
1384 4059 1495 4120 000011
1516 4059 1693 4134 saeptam.

1107 4202 1183 4261 010
1198 4202 1251 4262 (110
1266 4204 1375 4263 autem
1391 4201 1497 4262 sancti
1509 4201 1667 4278 Stephani
1677 4216 1776 4262 mane
1791 4217 1868 4263 con·

1067 4298 1205 4360 veniunt
1219 4315 1333 4360 omnes
1354 4298 1487 4359 ordines
1507 4298 1659 4376 superius
1674 4299 1865 4375 praetaxati,

1066 4397 1133 4455 tam
1147 4396 1271 4467 clerici,
1284 4412 1382 4472 quam
1394 4395 1483 4466 laici,
1498 4395 1605 4456 induti
1614 4396 1732 4456 sericis
1744 4396 1867 4471 pannis

1067 4491 1102 4551 in
1114 4491 1264 4562 basilica,
1279 4490 1472 4552 diaconibus
1493 4491 1731 4563 cardinalibus,
1746 4494 1779 4553 et
1791 4492 1866 4552 sub

1067 4589 1261 4650 diaconibus
1284 4589 1442 4665 exceptis,
1475 4588 1531 4664 qui
1562 4588 1669 4650 induti
1694 4589 1866 4649 dominum

1068 4689 1192 4763 Papam
1206 4689 1329 4748 ducunt
1340 4687 1381 4747 de
1393 4701 1525 4746 camera
1543 4702 1604 4747 sua
1626 4686 1668 4747 ad
1689 4685 1867 4748 basilicam

1067 4784 1172 4861 ipsam
1187 4782 1246 4863 (5),
1262 4782 1318 4844 ubi
1335 4782 1522 4844 cardinales
1541 4784 1691 4844 universi
1704 4784 1868 4847 exhibent

1067 4882 1099 4943 ei
1122 4881 1358 4955 reverentiam3
1384 4879 1495 4957 ibique
1528 4879 1637 4943 induit
1670 4897 1706 4942 se
1730 4881 1866 4958 0100010

1067 4979 1153 5040 alba.
1167 4980 1207 5040 Et
1219 4979 1420 5040 descendens
1431 4977 1471 5038 de
1483 4976 1607 5054 palatio
1621 4979 1778 5055 usquead
1791 4996 1870 5057 por·

1067 5077 1224 5149 ticellum,
1251 5076 1362 5155 ibique
1385 5076 1512 5137 invenit
1537 5090 1658 5151 equum
1685 5074 1867 5138 faleratum

1067 5227 1194 5286 Praefecti
1209 5228 1311 5286 urbani
1325 5232 1556 5284 ornamentorum
1571 5223 1662 5282 habes
1673 5225 1703 5281 10
1718 5225 1791 5283 libro
1810 5229 1865 5285 Fe-

1067 5299 1130 5357 licis
1143 5300 1294 5358 Contelorii
1310 5297 1346 5354 (10
1358 5299 1492 5368 Praefecto
1506 5295 1593 5376 urbis

1116 5370 1276 5443 311103111οο
1293 5369 1395 5426 Leonis
1408 5369 1458 5431 lli,
1472 5364 1512 5423 Cf.
1529 5364 1603 5421 mfre
1619 5380 1648 5422 n.
1664 5366 1709 5424 38.

1114 5445 1143 5518 1)
1164 5445 1203 5500 Le
1221 5440 1321 5514 001013,
1347 5439 1374 5495 10
1392 5437 1531 5518 1103111000
1553 5442 1700 5493 atterente
1721 5451 1758 5493 00
1773 5440 1870 5511 pelais

1065 5522 1131 5571 sont
1151 5514 1187 5570 ici
1203 5512 1228 5567 le
1244 5511 1334 5582 001013
1354 5516 1383 5565 et
1402 5509 1428 5564 la
1449 5505 1588 5576 bastbque
1605 5505 1641 5563 de
1656 5508 1772 5565 Latran.
1788 5511 1866 5568 Con·

1066 5586 1170 5643 stantia
1187 5584 1261 5639 at‘ait
1274 5576 1368 5637 doctae
1384 5576 1399 5634 'a
1414 5578 1490 5635 saint
1503 5578 1645 5648 sylvestre
1659 5592 1693 5636 00
1708 5579 1802 5650 paleis
1818 5585 1871 5655 qui
