3960 6188
116 291 172 355 829
694 282 900 345 DOMINICA
921 282 1169 344 PALMARUM.
1696 290 1757 352 830

116 446 292 530 praeteritis
316 446 349 509 et
371 443 555 509 custoditur
575 459 595 505 a
618 442 750 505 suturis.
777 446 825 505 De
843 440 906 504 hoc
1001 439 1179 503 Castellum
1192 441 1243 503 est
1257 442 1398 503 mundus
1412 443 1488 516 iste,
1504 444 1540 505 in
1555 461 1620 522 quo
1634 446 1754 508 admo-

118 548 188 611 oleo
207 546 242 606 in
263 544 363 606 Libro
382 547 510 618 Regum
534 541 619 603 dixit
642 541 743 603 vidua
769 541 810 602 ad
839 540 909 601 Eli·
962 538 1040 599 dum
1062 538 1190 601 castelli
1210 540 1260 602 est
1271 540 1373 601 turris
1397 541 1572 618 superbiae,
1590 544 1623 605 et
1640 558 1756 606 murus

117 659 238 707 saeunm
260 646 340 704 Noa
362 644 467 704 habea
488 645 600 702 oleum
620 642 690 701 nist
714 654 845 714 porum
871 641 909 699 ln
963 636 1109 713 periidiee
1125 636 1182 714 qui
1196 637 1279 698 bene
1292 653 1366 700 esse
1380 638 1501 701 dicitur
1515 642 1634 703 eontra·
1650 641 1755 703 disci-

116 742 244 816 lecptbo
269 737 330 818 (ΙΙΙ
347 740 427 814 aeg.
447 753 528 809 xvh,
550 736 614 817 12).
633 740 756 798 Parum
780 736 845 798 olei
873 736 907 796 iu
962 733 1068 810 pulos,
1090 734 1246 811 quoniam
1265 735 1332 796 tam
1355 738 1434 812 Legi
1454 754 1552 814 quam
1575 740 1755 816 Evangelio

118 837 257 914 lecytho,
283 835 379 905 idest,
415 850 552 912 parvam
579 833 843 895 misericordiam
873 833 907 893 in
963 847 1093 909 semper
1116 831 1258 892 mundus
1287 834 1474 894 contrarius
1502 835 1576 898 fuit.
1596 839 1700 900 Asina
1723 840 1757 902 et

118 934 215 997 corde
238 949 310 994 suo.
331 933 370 994 Et
391 932 562 993 benedixit
585 947 702 1008 parum
724 930 806 1002 olei,
830 930 907 1008 quia
962 929 1073 1006 pullus
1092 935 1169 991 sunt
1191 930 1329 1006 uterque
1357 924 1469 1002 sexus,
1495 933 1528 994 et
1552 933 1636 996 bene
1660 936 1754 1013 prius
1790 990 1791 993 ,

118 1031 223 1095 omnis
258 1030 404 1091 bumana
445 1029 675 1091 misericordia
708 1043 811 1105 parva
846 1028 906 1089 est.
962 1026 1072 1103 posuit
1098 1027 1227 1087 asinam
1250 1042 1350 1104 quam
1377 1029 1516 1104 pullum.
1544 1031 1642 1092 Prius
1667 1035 1756 1095 enim

118 1128 210 1192 Unde
234 1126 315 1189 dicit
348 1126 631 1188 Ecclesiasticus:
666 1127 909 1188 Misericordia
963 1123 1099 1186 foemina
1109 1124 1258 1200 peccavit
1272 1141 1371 1201 quam
1386 1125 1495 1186 homo.
1520 1129 1619 1200 Vidit,
1635 1129 1756 1206 inquit,

116 1228 263 1288 hominis
276 1225 386 1297 juata
408 1226 615 1297 proximem
629 1236 743 1294 mum,
767 1225 909 1284 misem-
962 1223 1088 1283 mulier
1109 1224 1198 1296 quod
1216 1224 1341 1283 bonum
1360 1224 1450 1285 esset
1469 1227 1601 1300 linteum
1615 1229 1661 1287 ool
1674 1241 1756 1289 ves·

115 1325 234 1385 cordio
251 1321 369 1383 autem
386 1324 452 1382 Del
468 1335 575 1395 saper
599 1334 739 1382 omnem
766 1334 909 1381 carnem
962 1321 1107 1379 cendum
1117 1319 1151 1379 el
1163 1323 1345 1393 pulchram
1359 1323 1464 1382 cadis
1478 1323 1683 1396 aspectuque
1697 1326 1759 1386 de-

116 1418 217 1498 (Eccl.
233 1433 330 1489 xvur,
348 1415 412 1496 12).
441 1417 521 1489 Qiris
535 1416 636 1488 enim,
653 1417 739 1478 sicut
749 1417 908 1478 Dominus
962 1415 1128 1487 actaea
1144 1416 1177 1478 et
1190 1416 1267 1478 tulit
1278 1419 1320 1478 de
1328 1417 1447 1492 fructu
1456 1420 1755 1494 wlusalcmncdit,

116 1516 240 1589 noster,
256 1515 408 1577 excelsus
430 1516 483 1577 est
496 1529 596 1590 super
609 1529 724 1575 ornnes
736 1515 862 1589 gentes,
877 1513 910 1575 et
963 1512 1120 1585 deditque
1144 1515 1221 1573 uiro
1240 1528 1303 1575 suo
1322 1518 1381 1587 qai
1400 1517 1556 1577 comedit.
1583 1518 1628 1577 et
1644 1519 1760 1592 aperti

116 1628 218 1691 super
237 1613 338 1674 coelos
357 1612 464 1687 gloria
483 1613 579 1689 ejusr
597 1615 640 1672 In
662 1614 802 1673 nomiae
827 1614 910 1672 lesu
962 1609 1044 1670 sunt
1067 1612 1154 1670 ocull
1167 1613 1348 1671 amborum
1363 1608 1458 1689 (Gen.
1483 1627 1533 1683 111,
1561 1614 1591 1673 6.
1608 1613 1641 1674 et
1659 1612 1757 1693 serp).

116 1710 280 1783 nectatur
309 1723 410 1770 emite
430 1724 521 1784 penu
549 1708 748 1779 coelestium,
774 1708 909 1769 terres-
964 1704 1062 1765 Prius
1076 1720 1155 1781 ergo
1170 1707 1305 1781 ponitur
1318 1708 1414 1768 asina
1433 1724 1532 1785 quam
1554 1710 1675 1785 pullus,
1691 1726 1759 1771 non

117 1809 228 1869 trium
240 1808 274 1867 ei
288 1808 510 1880 tartareorum
521 1803 657 1884 (Philip.
670 1821 707 1877 11,
725 1801 788 1883 10).
964 1802 1042 1879 quia
1057 1818 1124 1863 non
1135 1805 1222 1865 esset
1231 1806 1309 1866 ante
1319 1804 1418 1866 bomo
1430 1821 1530 1882 quam
1540 1804 1688 1876 ioemina,
1700 1807 1758 1868 sed

154 1903 279 1965 Aliter:
301 1903 354 1964 rel
370 1902 491 1963 dieitur
505 1918 599 1963 mons
620 1902 745 1973 oliveti,
762 1901 840 1978 quia
862 1900 911 1960 si·
963 1899 1041 1976 quia
1057 1900 1133 1961 ante
1153 1901 1303 1976 peccavit
1321 1900 1457 1962 foemina
1476 1918 1575 1979 quarn
1594 1903 1703 1976 homo,
1727 1907 1761 1967 et

116 2000 173 2061 cut
190 2000 227 2060 in
244 2000 318 2061 oleo
335 1999 401 2061 tria
416 2000 503 2071 sunt,
519 1999 643 2071 lumen,
657 1998 761 2070 cibus,
777 1999 811 2060 et
822 2013 909 2058 unc·
964 1996 1060 2072 quasi
1076 1998 1181 2057 mater
1196 1996 1340 2057 hominis
1351 1995 1414 2058 ruit
1423 1998 1459 2058 in
1467 2001 1614 2074 peccate,
1626 2001 1761 2077 propter

116 2097 175 2169 tio,
190 2097 240 2158 ita
257 2097 408 2157 Christus
423 2099 474 2158 est
493 2096 629 2157 lucerna
647 2111 720 2173 quas
743 2095 911 2155 illuminat
965 2092 1051 2169 quod
1079 2093 1251 2169 peccatum
1280 2094 1348 2154 tam
1375 2094 1474 2156 homo
1502 2111 1601 2173 quam
1624 2096 1761 2159 ioemina

116 2209 248 2255 omnem
267 2193 435 2254 hominem
449 2194 637 2254 venientem
656 2193 692 2253 in
709 2192 799 2252 hunc
813 2208 911 2252 mun·
964 2190 1136 2251 asinorum
1151 2190 1341 2251 nominibus
1355 2192 1469 2253 vocari
1482 2195 1685 2257 meruerunt

109 2289 208 2352 dum.
225 2290 376 2352 Christus
393 2290 443 2351 est
459 2289 555 2365 panis
572 2289 669 2351 uivus
688 2289 746 2366 qui
764 2289 805 2348 de
827 2287 910 2349 coelo
1004 2286 1110 2348 Aliter
1124 2307 1132 2347 t
1146 2287 1194 2351 lte
1205 2287 1241 2347 in
1262 2288 1434 2350 castellum
1457 2293 1552 2367 cujus
1569 2291 1694 2352 vallum
1711 2292 1763 2355 est

116 2387 301 2458 descendit,
333 2386 410 2464 quia
446 2386 516 2462 ipse
542 2385 688 2463 quotidie
717 2386 823 2462 pascit
850 2400 910 2446 nos
965 2382 1130 2460 superbia,
1147 2384 1348 2446 munitiones
1363 2387 1574 2449 suntoaetera
1588 2388 1680 2451 vitia.
1698 2392 1764 2451 Per

115 2500 219 2561 pane,
242 2483 337 2554 idest,
364 2498 465 2545 carue
489 2485 522 2547 et
548 2482 712 2558 sanguine
735 2499 807 2555 suo,
826 2483 912 2544 sicut
966 2482 1094 2543 asinam
1106 2497 1180 2558 quaa
1193 2482 1336 2559 simplex
1349 2483 1400 2544 est
1409 2484 1543 2558 animal,
1556 2486 1763 2562 significatur

110 2581 191 2658 ipse
209 2579 250 2641 de
269 2595 305 2641 se
324 2579 425 2641 dicit:
449 2584 538 2642 Caro
552 2594 632 2641 mea
643 2594 725 2642 vere
740 2580 792 2641 est
805 2582 909 2653 meses,
966 2578 1176 2657 simplicitas;
1191 2594 1250 2656 per
1264 2579 1390 2657 pullum
1407 2580 1587 2644 humilitas.
1604 2585 1763 2645 Homines

114 2679 150 2738 et
163 2680 309 2753 salsauls
326 2692 425 2738 meus
442 2690 526 2738 cere
541 2677 595 2738 est
607 2677 727 2753 potum
742 2680 801 2751 qai
811 2692 913 2739 mau-
966 2677 1098 2753 quippe,
1110 2676 1168 2754 qui
1178 2676 1319 2739 humiles
1327 2679 1360 2739 et
1369 2678 1537 2755 simplices
1547 2679 1666 2742 debent
1676 2696 1762 2755 esse,

115 2774 222 2835 ducat
241 2789 384 2835 carnem
406 2789 532 2846 meam,
554 2774 590 2836 et
609 2774 695 2836 bibet
707 2763 913 2851 senosanam
966 2788 1079 2835 amore
1093 2773 1207 2835 muudi
1220 2774 1496 2837 etcaeterisvitiis
1509 2776 1769 2853 alligatiasim-

114 2886 237 2933 meum
259 2874 297 2933 ln
319 2886 376 2932 me
393 2873 526 2943 merset,
547 2872 582 2933 ct
600 2886 662 2947 epo
682 2875 719 2933 ia
742 2887 782 2934 eo
802 2869 910 2950 (Joan.
966 2870 1114 2947 plicitate
1139 2872 1172 2933 et
1195 2871 1383 2934 bumilitate
1412 2872 1550 2934 alienati
1580 2875 1669 2935 sunt.
1702 2875 1767 2937 Sed

114 2984 166 3041 vr,
183 2966 249 3047 56).
264 2971 344 3030 Nisi
365 2970 660 3031 maducaveritis
679 2984 823 3032 eumaem
832 2971 913 3032 Filii
967 2968 1089 3031 Christi
1104 2968 1339 3045 praedicatores
1354 2968 1508 3044 alligatos
1523 2970 1656 3032 solvunt
1667 2972 1767 3034 etso-

111 3068 268 3128 homtals
288 3065 322 3128 et
338 3067 490 3128 hlautis
509 3065 584 3139 eius
602 3071 818 3144 sanquinem,
843 3083 913 3131 non
966 3065 1054 3128 lutos
1068 3065 1194 3127 ducunt
1207 3065 1248 3124 ad
1264 3065 1440 3126 Christum.

114 3161 729 3243 babebiltsvllemtevobts(.loan.v1‚
748 3163 813 3243 51).
831 3165 913 3237 Quia
1006 3161 1130 3237 alligat
1153 3161 1264 3222 autem
1288 3160 1440 3222 diabolus
1459 3162 1585 3239 triplici
1603 3163 1763 3240 funiculo,

110 3259 209 3321 sicut
227 3259 372 3335 quotidie
398 3275 586 3336 peccamus,
605 3261 654 3321 lta
677 3261 823 3337 quotidie
854 3276 936 3337 per*
968 3257 1456 3335 quidiilieilerumpitunidest,
1465 3259 1593 3333 laetitia,
1603 3263 1766 3339 concupi·

116 3371 242 3433 eorpus
262 3355 385 3417 Christi
398 3354 558 3416 habemus
585 3356 815 3417 remissionem
842 3374 916 3418 orn·
968 3354 1105 3426 scentia‚
1118 3354 1298 3431 voluptate.
1311 3356 1469 3417 Homines
1484 3356 1768 3437 obliganturqua-

115 3453 216 3514 nium
231 3452 453 3528 peccatorum.
968 3451 1055 3522 tuor,
1067 3450 1212 3514 ettribus
1223 3451 1414 3514 sceleribus.
1427 3455 1573 3524 Quatuor
1582 3455 1624 3515 ad
1634 3471 1766 3533 eorpus,

159 3550 264 3611 Item:
275 3548 408 3610 Etcum
414 3551 769 3626 ammetsempuooe
779 3552 916 3612 155105-
969 3549 1034 3610 tria
1048 3548 1090 3609 ad
1103 3548 1248 3609 animam
1261 3549 1438 3626 pertinent.
1450 3551 1576 3627 Corpus
1586 3551 1767 3615 humanum

111 3648 194 3709 tem
207 3646 334 3718 oliveti,
352 3647 433 3708 tunc
447 3648 544 3708 misit
556 3650 644 3708 duos
646 3690 706 3707 .....
720 3649 824 3709 Porro
839 3649 915 3710 ante
969 3660 1013 3706 ex
1027 3645 1168 3722 quatuor
1178 3645 1349 3708 elementis
1362 3645 1591 3723 principaliter
1603 3650 1766 3723 consistit,

112 3742 280 3804 suumin
304 3757 405 3804 carne
431 3742 607 3805 adventum
634 3743 913 3818 miseratum,
968 3741 1134 3813 videlicet,
1157 3742 1259 3814 terra,
1283 3756 1380 3818 aqua,
1401 3757 1491 3815 aere,
1513 3745 1546 3806 et
1567 3745 1655 3822 igne,
1676 3750 1711 3809 et
1732 3748 1769 3808 in

116 3841 178 3901 sed
204 3838 364 3917 quoniam
377 3855 438 3917 pro
452 3856 517 3917 quo
535 3839 726 3902 mittebatur
739 3840 859 3903 efficax
873 3842 914 3904 ad
970 3840 1111 3916 quatuor
1138 3838 1332 3900 humoribus
1355 3840 1554 3902 naturaliter
1578 3845 1767 3917 permanet,

115 3937 293 4013 negotium
299 3938 390 3999 solus
404 3952 471 3999 non
483 3936 555 4009 fuit,
566 3939 640 4015 post
651 3937 915 4001 incarnationem
969 3936 1134 4007 videlicet,
1151 3935 1349 3997 melancolia
1360 3952 1433 4013 qua
1446 3937 1697 3999 similitudinem
1707 3939 1771 4001 ha·

114 4050 218 4095 suam
234 4034 325 4095 dedit
333 4034 365 4095 ei
375 4034 512 4107 socium,
526 4036 561 4096 et
571 4035 662 4097 misit
674 4036 767 4107 duos,
782 4039 817 4098 ut
829 4036 915 4114 quod
969 4032 1024 4095 bet
1049 4049 1123 4095 cum
1148 4034 1249 4103 terra,
1275 4033 1430 4109 flegmate
1455 4034 1541 4111 quod
1566 4035 1771 4098 assimilatur

113 4131 208 4192 alter
219 4130 346 4193 diceret
364 4130 449 4193 alter
463 4132 659 4201 testaretur,
682 4133 714 4193 et
728 4133 815 4209 quod
830 4149 916 4193 unus
971 4146 1077 4207 siquae,
1094 4130 1257 4204 sanguine
1275 4129 1333 4206 qui
1345 4129 1457 4191 afiinis
1472 4133 1523 4193 est
1539 4133 1621 4205 aeri,
1642 4134 1772 4203 eicho-

116 4243 189 4288 non
204 4228 346 4303 poteret,
368 4227 566 4304 perficerent
584 4227 660 4287 duo.
684 4228 723 4288 Iu
749 4243 806 4289 ore
827 4230 917 4290 enim
971 4227 1042 4287 lere
1054 4240 1128 4302 quae
1143 4225 1271 4287 accedit
1282 4226 1324 4287 ad
1338 4226 1461 4300 ignem.
1476 4228 1517 4288 lit
1533 4228 1618 4289 sicut
1636 4229 1772 4291 tradunt

120 4323 267 4385 duorum
293 4324 347 4385 vel
378 4324 479 4386 trium
504 4323 639 4385 testium
666 4324 796 4386 constat
820 4340 917 4386 omne
970 4324 1005 4384 et
1018 4321 1200 4384 tractantii
1219 4337 1301 4398 quos
1320 4322 1425 4396 agitat
1443 4322 1505 4384 iste
1523 4322 1628 4396 labor,
1648 4340 1769 4401 quam-

118 4421 262 4483 verbum
282 4442 290 4481 ε
312 4422 383 4492 Ile,
421 4420 543 4497 inquit,
573 4425 611 4481 ta
634 4422 809 4485 castellum
831 4424 919 4497 quod
971 4419 1030 4481 diu
1043 4418 1200 4479 humores
1214 4418 1271 4479 isti
1285 4418 1321 4478 in
1335 4419 1771 4498 suostatuettemperantia

120 4520 248 4580 contra
260 4533 321 4580 cos
335 4517 398 4589 est,
411 4519 445 4578 et
458 4518 772 4580 statimleveeietis
783 4522 919 4580 misam
972 4531 1011 4577 ac
1030 4514 1220 4590 integritate
1237 4514 1430 4591 perdurant,
1449 4530 1569 4592 corpus
1587 4516 1771 4581 humanum

120 4616 304 4693 wisatum
315 4617 492 4689 eteoclem
505 4630 585 4676 cum
599 4616 798 4687 casoleite,
815 4617 850 4677 et
862 4619 919 4677 od-
971 4612 1008 4674 iu
1022 4612 1165 4674 sanitate
1183 4611 1313 4688 integra
1331 4615 1532 4688 perseveret.
1554 4614 1617 4675 Sed
1639 4615 1675 4676 in
1690 4632 1770 4679 cor-

121 4714 344 4775 dacttemtbe'.
359 4711 544 4773 Videndum
557 4714 616 4785 est,
629 4711 829 4790 iratresqui
842 4715 920 4777 sunt
972 4708 1125 4787 ruptione
1155 4709 1295 4771 istorum
1325 4708 1521 4784 humorum,
1551 4712 1604 4773 sel
1628 4712 1771 4793 alicujus

122 4810 181 4873 isti
196 4810 319 4881 nuntii,
340 4809 430 4870 istud
448 4809 632 4881 castellum,
648 4825 722 4887 quae
741 4811 847 4883 asina,
862 4811 919 4888 qui
973 4822 1099 4879 eorum,
1117 4805 1259 4868 diversa
1273 4806 1474 4884 proueniunt
1491 4807 1713 4875 infirmitates.
1732 4814 1772 4875 Et

121 4907 239 4984 pullus
258 4906 300 4967 ad
320 4922 417 4984 quem
437 4906 630 4968 solvendum
649 4907 759 4969 nuntii
777 4907 919 4969 mittun·
974 4904 1003 4965 si
1018 4903 1093 4982 quis
1104 4904 1204 4965 vellet
1218 4904 1290 4966 baec
1304 4920 1371 4966 non
1391 4905 1501 4967 minus
1521 4909 1653 4970 curiose
1672 4925 1771 4988 quam

122 5006 190 5067 tur.
207 5008 282 5066 uuo
296 5002 570 5066 nonsummum
585 5004 874 5077 testamentare
888 5008 921 5069 ot
974 5001 1117 5064 sollicite
1137 5002 1170 5063 et
1192 5001 1358 5064 subtiliter
1379 5002 1551 5080 indagare,
1572 5007 1684 5081 posset
1701 5005 1773 5067 for-

122 5101 355 5179 Evangelium.
380 5104 501 5178 Legem
524 5102 635 5164 autem
654 5101 792 5165 miserat
808 5105 922 5166 Domi·
973 5100 1073 5162 tassis
1090 5101 1125 5161 et
1140 5099 1176 5160 in
1190 5099 1303 5162 anima
1321 5099 1531 5163 infirmitates
1545 5102 1657 5163 sarias
1672 5102 1771 5164 inve·

121 5216 187 5261 nus
203 5199 342 5271 Judaeis,
357 5199 413 5260 sed
429 5199 506 5277 quia
516 5199 612 5271 nihil,
629 5200 666 5260 ut
675 5200 918 5277 aitapostolus‚
975 5199 1058 5269 nire,
1082 5211 1223 5275 quarum
1245 5197 1347 5259 aliam
1371 5200 1482 5275 posset
1504 5197 1663 5275 adaptare
1686 5198 1771 5262 febri

123 5297 167 5358 ad
191 5295 376 5374 perlectum
404 5296 561 5369 ducebat,
592 5313 666 5357 cum
695 5298 782 5374 Lege
806 5298 921 5375 postea
975 5296 1165 5374 quartanae,
1195 5293 1297 5356 aliam
1327 5295 1499 5368 tertianae,
1530 5295 1632 5357 aliam
1662 5298 1773 5374 quoti-

122 5394 346 5470 Ilvangelium
365 5395 399 5456 et
420 5393 545 5457 Judaeis
573 5393 665 5455 misit
685 5395 720 5456 et
745 5394 918 5471 gentibus,
975 5393 1095 5465 dianae,
1111 5392 1145 5455 et
1161 5390 1210 5453 sic
1224 5391 1265 5454 de
1278 5391 1419 5464 ceteris.
1818 5392 1827 5409 ·

124 5492 215 5555 sicut
229 5491 469 5568 scriptumest:
485 5491 681 5553 areunae
694 5494 922 5570 &cancellum
1016 5490 1105 5566 Ignis
1120 5490 1264 5567 pertinet
1276 5488 1318 5550 ad
1335 5488 1449 5550 oculos
1461 5487 1579 5566 qrdbus
1597 5490 1774 5558 curiositas

123 5592 222 5652 marli
233 5590 407 5653 creaturis
419 5588 537 5670 (Marc.
552 5603 621 5662 xm,
638 5586 702 5669 15).
975 5587 1161 5659 exercetur,
1176 5601 1249 5664 quse
1261 5585 1407 5648 animam
1418 5586 1535 5663 alligat
1544 5587 1774 5655 conformitate
