3936 6182
113 312 178 372 557

160 467 402 547 inepiscopatu
414 465 644 530 anteradensi.

160 570 200 629 In
215 567 407 647 episcopatu
416 566 632 643 Tripohtano.

153 668 194 727 In
214 664 407 744 episcopatu
424 662 586 725 Bibliensi
599 684 607 722 ε
620 678 694 740 quae
716 662 835 724 civitas
855 660 916 722 Bi-

115 763 226 825 blium
240 761 406 835 videlicet,
423 761 522 824 hodie
536 760 664 823 Gihelet
674 761 823 823 vocatur.

160 864 199 922 ln
213 859 504 938 archiepiscopatu
515 858 684 921 Tarsensi.

160 961 200 1021 ln
214 957 504 1036 archiepiscopatu
514 955 681 1019 Edessena
695 972 702 1010 :
715 968 789 1033 quae
799 952 917 1016 civitas

118 1056 254 1119 Edessae
263 1055 429 1128 videlicet,
444 1055 512 1117 alio
526 1054 661 1116 nomine
675 1052 796 1115 dicitur
808 1054 917 1128 Reges

117 1154 305 1217 Medorum.

159 1254 199 1314 In
214 1251 504 1330 archiepiscopatu
512 1248 715 1329 apamiensi.

159 1352 198 1410 ln
213 1350 405 1429 episcopatu
417 1349 627 1414 valaniensi.

159 1450 198 1508 ln
212 1448 502 1526 archiepiscopatu
513 1444 695 1525 Tulupensi
715 1461 723 1500 :
741 1444 799 1522 qui
817 1443 918 1506 etiam

117 1544 382 1623 Eliorpolitanus
396 1544 596 1621 appellatur.

159 1645 197 1703 In
213 1642 501 1720 archiepiscopatu
514 1639 676 1703 Corienzi.

161 1743 200 1801 ln
226 1740 514 1818 archiepiscopatu
535 1734 919 1800 Mamistrensizarchie-

116 1838 248 1916 pisccpi
265 1836 446 1916 supradicti
468 1837 583 1899 carent
602 1834 766 1913 episcopis
783 1835 918 1910 propter

116 1936 377 1998 destructionem
385 1935 567 1997 civitatum.

159 2029 918 2111 InimperioConstantinopolitanoapudThes·

116 2131 304 2193 salonicam
321 2148 328 2186 ε
343 2131 582 2193 Monasterinm
596 2128 723 2206 Acapni
742 2127 839 2189 dehet
852 2142 917 2188 an-

119 2229 251 2290 nuatim
263 2230 301 2289 10
312 2228 497 2306 hyperpera
512 2243 571 2304 pro
580 2242 693 2289 censu.
707 2227 819 2303 ipsum
828 2224 918 2285 enim

117 2327 363 2390 monasterium
377 2325 530 2387 dominus
540 2323 753 2386 Innocentius
768 2324 815 2383 111
827 2324 917 2398 Papa

120 2423 340 2500 pontificatus
350 2422 402 2483 sui
415 2437 503 2483 anno
512 2423 601 2493 Xlll,
613 2419 674 2481 suh
684 2419 842 2482 Ecclesiae
852 2420 921 2483 Rc-

116 2536 232 2581 manae
240 2519 445 2597 protectione
452 2517 643 2596 recepitsuh
651 2516 809 2595 praedicto
818 2531 920 2578 censu

119 2617 301 2678 annuatim
311 2615 480 2678 solvendo.
610 2660 615 2665 -

160 2713 259 2790 Apud
274 2712 593 2790 Constantinopolim
612 2710 784 2788 Hospitale
807 2711 919 2773 Sancti

124 2810 297 2872 samsonis
308 2810 582 2872 debetannuatim
594 2808 751 2871 Ecclesiae
761 2811 918 2871 Romana

121 2910 142 2969 3
155 2907 354 2987 hyperpera.

162 3005 312 3069 Ecclesia
324 3005 438 3070 Sancti
452 3004 556 3067 Marci
567 3004 734 3067 Cretensis
744 3002 841 3068 debet
855 3019 919 3066 an-

121 3104 249 3167 nuatim
261 3103 419 3166 Ecclesia
432 3105 590 3167 Romana
605 3117 665 3179 pro
689 3118 792 3165 censu
815 3117 918 3164 unum

120 3202 354 3280 hyperperum.

152 3420 283 3480 census
296 3419 462 3479 Romame
474 3417 637 3477 Ecctaatoe
650 3416 688 3475 tn
702 3415 887 3489 Hispania.

160 3588 921 3671 lnepiscopatuElnensi:Monasteriumsancti

120 3691 258 3753 Martini
266 3690 306 3753 de
321 3690 496 3762 Conizone,
512 3705 614 3750 uniam
627 3687 883 3750 marabotinum.

160 3789 401 3851 Monasterium
415 3782 554 3849 'Sanctae
580 3786 696 3848 Mariae
725 3785 766 3847 de
785 3787 918 3864 Campo,

120 3890 141 3948 2
155 3886 281 3948 solidos
293 3886 385 3948 illius
400 3886 551 3947 monetae.

161 3987 201 4046 In
224 3984 417 4062 episcopatu
438 3981 645 4045 Gerundensi
658 4003 665 4042 :
680 3981 919 4043 Monasterium

121 4082 237 4144 Sancti
252 4081 343 4144 Petri
357 4080 398 4143 de
413 4081 530 4150 Rodio,
545 4082 566 4141 2
580 4079 817 4141 marabutinos.

160 4180 403 4243 Monasterium
429 4177 542 4241 Sancti
563 4177 655 4241 Petri
670 4177 710 4239 de
722 4177 917 4249 Bisulduno,

120 4279 142 4338 5
155 4277 284 4339 solidos
298 4277 439 4339 monetae
449 4274 694 4351 melgoriensis.

160 4374 401 4436 monasterium
416 4375 547 4437 Sanctae
560 4372 678 4433 Mariae
698 4369 922 4432 Bisuldunen-

120 4471 181 4544 sis,
197 4471 354 4533 2solidos
369 4470 459 4531 illius
474 4469 627 4531 monetae.

161 4568 401 4631 Monasterium
427 4565 541 4629 Sancti
565 4563 688 4627 Felicis
712 4563 754 4626 de
774 4560 920 4636 (tudinis,

122 4681 227 4727 unum
239 4664 382 4727 solidum
397 4664 490 4726 illius
504 4662 656 4725 moneta.

162 4763 402 4827 Monasterium
416 4762 547 4824 Sanctae
570 4759 687 4823 Mariae
704 4757 921 4831 Amaniensis,

123 4877 228 4924 unum
242 4861 502 4924 marabotinum.

163 4959 404 5023 Monasterium
421 4955 536 5022 Sancti
545 4954 667 5019 Felicis
687 4953 921 5028 Wisolnensis‚

123 5057 378 5120 unumohclum.

163 5150 803 5234 lnepiscopatuVicensi:Monasterium
810 5148 924 5212 Sancti

123 5253 287 5316 iohannis
300 5251 547 5331 Rivipollensls,
557 5248 822 5312 Smarabutinos.

164 5351 405 5414 Mouasterium
421 5348 535 5413 Sancti
546 5347 719 5411 Benedicti
733 5346 774 5407 de
785 5344 922 5423 Bangis,

124 5447 398 5513 3marahutinos.

164 5546 545 5611 MonasteriumSanctae
553 5544 669 5607 Mariae
676 5541 924 5620 nivipollensis,

127 5650 147 5707 3
161 5644 400 5710 marabutinos.

770 306 892 373 LIBER
914 306 1123 369 CENSUUM.

1710 304 1769 365 558

1012 467 1050 528 In
1077 465 1271 543 episcopatu
1303 461 1556 527 Barchllonensi
1573 484 1580 521 ε
1597 463 1768 524 Monaste·

971 565 1059 625 rium
1075 564 1189 626 Sancti
1204 562 1312 635 Pauli,
1328 578 1430 623 unum
1445 561 1702 624 marabotinum.

1011 662 1250 725 Monasterium
1289 661 1403 724 Sancti
1440 659 1533 723 Petri
1560 658 1764 731 Puellarum,

969 762 991 822 3
1005 760 1243 822 marabutinos.

1010 858 1127 921 Comes
1143 857 1414 921 Barchilonensis
1438 856 1479 918 de
1500 857 1569 918 tota
1583 857 1673 917 terra
1694 869 1765 925 sua,

971 956 1058 1018 sicut
1069 955 1257 1018 continetur
1279 955 1316 1016 ln
1337 954 1479 1031 registro
1505 953 1631 1016 Urbani
1655 955 1765 1030 Papae,

972 1053 1115 1131 singulis
1126 1053 1363 1133 quinquenniis
1375 1054 1416 1114 25
1439 1051 1542 1113 libras
1556 1052 1687 1126 argenti
1705 1067 1768 1127 pn-

971 1151 1106 1214 rissimi.
1570 1229 1574 1237 ι

1011 1249 1252 1312 Monasterium
1267 1248 1307 1311 de
1322 1248 1442 1319 Graffe,
1468 1264 1570 1311 unum
1585 1243 1770 1309 marabuti-

971 1362 1061 1411 num.

1011 1447 1151 1508 Mansus
1166 1447 1278 1509 Sancti
1294 1446 1428 1508 Genesii
1443 1444 1483 1507 de
1497 1442 1671 1520 Amigdala
1685 1444 1770 1504 Bar-

972 1544 1176 1607 chilonensis
1191 1544 1356 1617 dioecesis,
1371 1545 1410 1605 12
1422 1543 1588 1605 denarios.

1012 1642 1094 1705 Item
1110 1641 1381 1721 archiepiscopus
1404 1640 1663 1703 Tarraconensis
1675 1637 1771 1701 dehet

972 1740 1012 1801 de
1027 1741 1169 1818 quodam
1181 1740 1306 1818 praedio
1321 1739 1361 1802 de
1376 1737 1592 1810 villafranca,
1605 1738 1691 1816 qnod
1707 1737 1770 1800 luit

972 1837 1170 1911 carbonelli,
1186 1835 1457 1910 3marahutinos,
1479 1838 1512 1899 et
1527 1838 1578 1897 est
1592 1836 1626 1897 in
1639 1836 1770 1913 episco-

971 1935 1326 2013 patuBarchilonensi.

1011 2036 1049 2094 In
1083 2033 1277 2111 episcopatu
1310 2032 1471 2097 llerdensi
1498 2056 1505 2096 ε
1532 2034 1770 2096 Monasterium

972 2130 1086 2193 Sancti
1113 2131 1310 2204 victoriani,
1335 2131 1505 2194 dimidiam
1528 2132 1662 2193 nnciam
1681 2133 1768 2194 auri.

1012 2229 1050 2288 ln
1087 2228 1280 2306 episcopatu
1322 2229 1459 2291 Oscensi
1493 2246 1501 2284 ε
1531 2230 1770 2291 Monasterium

974 2326 1088 2387 Sancti
1115 2325 1278 2388 ,iohannis
1306 2325 1346 2388 de
1368 2327 1487 2400 Pinna,
1513 2343 1614 2389 unam
1636 2329 1769 2389 unciam

974 2423 1061 2485 auri.

1014 2521 1252 2585 Monasterlum
1268 2523 1382 2584 Sancti
1395 2523 1486 2584 Petri
1498 2522 1539 2584 de
1554 2522 1660 2596 Lasia,
1677 2522 1771 2584 dimi-

973 2619 1062 2683 diam
1076 2620 1208 2681 unciam
1223 2620 1308 2681 auri.

1013 2716 1161 2781 Ecclesia
1176 2717 1341 2791 Oscensis,
1354 2717 1524 2781 dimidiam
1535 2720 1668 2781 unciam
1682 2720 1768 2781 auri.

1013 2815 1180 2878 canonica
1204 2816 1327 2878 Montis
1352 2819 1555 2894 aragonum,
1581 2833 1682 2879 unam
1703 2833 1770 2879 un·

993 2915 1000 2929 ’
1073 2911 1159 2975 anri.

973 2931 1059 3059 emili?
1076 2993 1269 3072 episcopatu
1298 2993 1486 3069 Urgellensi
1503 3011 1510 3050 :
1528 2994 1769 3056 Monasterium

973 3093 1087 3157 Sancti
1103 3091 1275 3155 Saturnini
1303 3106 1363 3169 per
1389 3091 1533 3169 spatium
1557 3092 1682 3167 septem
1708 3108 1772 3153 an-

973 3208 1102 3264 norum,
1120 3206 1220 3252 unam
1232 3189 1352 3250 libram
1364 3188 1506 3263 argenti.

1013 3288 1162 3351 Ecclesia
1175 3285 1389 3363 Aggerensis,
1405 3287 1425 3345 3
1437 3282 1677 3346 marabutinos.

1014 3385 1162 3448 Ecclesia
1179 3384 1309 3446 Sanctae
1321 3383 1438 3443 Mariae
1462 3381 1683 3458 Urgellensis,
1696 3398 1770 3460 quae

974 3485 1025 3547 est
1039 3480 1252 3554 cathedralis,
1269 3495 1370 3541 unam
1385 3480 1518 3541 unciam
1531 3480 1618 3540 auri.

1014 3581 1163 3644 Ecclesia
1173 3577 1359 3650 GerrensiS,
1374 3577 1613 3638 unamnnciam
1630 3578 1771 3654 argenti.

1015 3678 1218 3756 Praepositus
1233 3676 1273 3737 de
1287 3677 1405 3746 Muris,
1418 3678 1439 3736 2
1453 3675 1589 3737 solidos.

1014 3775 1230 3856 Raymundus
1242 3774 1425 3837 uuillielmi
1436 3773 1554 3836 obtulit
1563 3772 1659 3836 heato
1672 3775 1771 3836 Petro

975 3878 1039 3941 duo
1059 3877 1180 3939 castra.
1206 3876 1315 3937 Unum
1335 3872 1457 3935 dicitur
1476 3871 1640 3935 Laborola
1664 3873 1774 3935 :alte-

974 3993 1048 4039 rum
1060 3974 1236 4048 Taltevult,
1254 3970 1316 4034 suh
1329 3970 1489 4051 pensione
1505 3971 1647 4048 quatuor
1660 3971 1773 4032 uncia·

974 4091 1048 4137 rum
1063 4075 1149 4135 auri.

1013 4171 1253 4235 Monasterium
1288 4166 1402 4229 Sancti
1427 4165 1518 4227 Petri
1542 4164 1583 4226 de
1611 4165 1769 4240 Portella,

975 4284 1075 4332 unam
1090 4270 1222 4331 unciam
1237 4263 1377 4341 argenti.

1015 4364 1158 4428 Illustris
1169 4379 1230 4425 rex
1241 4365 1432 4436 aragonum
1444 4375 1504 4437 pro
1516 4359 1585 4421 toto
1595 4374 1699 4433 regno
1713 4375 1773 4422 suo

976 4463 1118 4542 singulis
1133 4460 1243 4531 annis,
1255 4459 1315 4519 250
1330 4455 1444 4518 obolos
1457 4455 1543 4515 auri.

1011 4550 1774 4638 Inepiscopaturirasonensi:Ecclesiasanctae

976 4659 1092 4723 Mariae
1103 4658 1168 4719 sita
1181 4656 1217 4716 in
1230 4653 1339 4716 castro
1354 4650 1503 4723 Tutellac,
1516 4652 1537 4711 2
1549 4650 1684 4713 solidos.

1016 4760 1055 4820 In
1078 4752 1271 4833 episcopatu
1300 4748 1578 4827 Pampilonensi:
1603 4751 1776 4829 Hospitale

979 4857 1108 4920 Sanctae
1120 4852 1237 4916 Mariae
1248 4854 1367 4917 Roccae
1380 4847 1422 4910 de
1431 4847 1537 4921 Valle,
1552 4864 1654 4912 unum
1668 4866 1777 4913 mara-

977 4955 1139 5019 hutinum.

1123 5088 1179 5150 IN
1196 5084 1346 5148 nacho
1368 5083 1621 5144 CASTELLAE.

1017 5248 1298 5327 archiepiscopus
1329 5243 1509 5307 Toletanus
1542 5256 1602 5318 pro
1636 5240 1778 5303 ecclesia

981 5349 1094 5414 Sancti
1124 5343 1304 5416 Servandl,
1341 5343 1381 5403 15
1408 5338 1652 5402 marabutinos.
1685 5337 1776 5399 ldem

980 5447 1251 5526 archiepiscopus
1272 5456 1333 5519 pro
1356 5436 1498 5501 ecclesia
1526 5435 1639 5496 Sancti
1666 5436 1776 5509 Cerni,

981 5550 1020 5611 15
1033 5545 1159 5610 solidos
1185 5529 1367 5621 pipionum,
1395 5534 1452 5612 qui
1471 5531 1617 5595 valent2
1639 5531 1780 5595 alfonsi-

981 5662 1053 5708 nos·
