3996 6196
87 354 124 413 ae
734 350 1066 412 onnononsnus.
1670 343 1705 404 86

89 536 143 598 per
161 519 340 598 populum:
356 520 389 584 et
406 520 468 584 hoc
486 519 565 583 facit
584 521 699 594 tertio,
720 519 868 591 diceudo,
924 518 1000 591 cati,
1017 516 1184 590 scrinarii,
1195 510 1496 594 praeconandas,
1510 510 1623 574 schola
1638 522 1705 572 cru·

88 618 263 692 raperem
285 619 378 680 dedit
395 621 613 693 pauperebus,
633 616 774 689 jcesttttd
798 619 872 688 θῖῖιε
924 615 1022 686 cium,
1038 614 1072 674 et
1085 612 1247 690 capellani
1260 612 1327 674 tale
1340 609 1578 687 presbyterium
1599 606 1631 668 et
1653 606 1706 668 ta-

88 712 199 773 rnanet
211 715 250 772 tn
261 717 427 774 soecutum
438 712 583 774 saeculi?
924 707 1001 771 liter
1015 708 1127 770 datum
1142 707 1319 784 accipiunt,
1335 706 1432 784 quale
1451 706 1486 765 in
1505 705 1558 765 die
1572 701 1707 765 Paschae

123 808 171 872 80.
191 806 253 867 His
266 807 421 884 peractis,
437 808 569 869 ducitur
579 822 638 885 per
651 808 756 885 ipsam
774 804 873 884 porti·
925 803 1078 880 superius
1097 803 1301 864 nominatum
1315 802 1497 878 recipiunt:
1518 796 1708 860 subdiaconi

89 918 157 964 cum
178 901 240 963 sub
263 902 380 964 iconas
404 905 592 964 sanctorum
613 902 702 964 Petri
722 902 755 964 et
777 900 872 963 Pauli
925 901 1034 961 autem
1052 898 1174 974 singuli
1193 898 1341 973 singulos
1359 897 1563 973 melequinos
1578 893 1710 966 habent,

89 997 318 1075 apostolorum,
341 1014 414 1075 quae
429 1013 488 1075 per
507 1013 599 1060 mare
615 1001 753 1060 Romam
766 1012 872 1059 vene·
926 995 1010 1073 quod
1024 995 1134 1056 tamen
1156 1009 1222 1055 uon
1241 994 1278 1055 tlt
1295 993 1330 1053 in
1350 992 1461 1069 aliqua
1480 991 1710 1068 praedictarum

89 1092 258 1154 runtuullo
269 1092 418 1166 ductore,
429 1094 463 1155 et
473 1092 573 1154 intrat
581 1092 753 1156 basilicam
767 1092 873 1153 sancti
926 1092 1191 1153 sollemnitatum.
1211 1091 1285 1151 Non
1306 1089 1426 1150 dantur
1444 1087 1533 1149 enim
1553 1087 1613 1159 eis,
1627 1086 1710 1148 sicut

89 1187 272 1250 Laurentii:
288 1188 327 1249 in
341 1203 405 1266 qua
419 1189 590 1265 postquam
609 1188 773 1264 peregerit
792 1203 872 1264 pro·
925 1187 1046 1248 ibidem
1074 1186 1230 1263 scriptum
1253 1185 1382 1264 plenius
1403 1183 1586 1256 invenitur,
1612 1182 1711 1244 etiam

88 1283 183 1344 lixam
196 1284 274 1344 ante
288 1283 460 1360 proprium
476 1284 510 1344 θῖ
522 1283 665 1359 speciale
677 1284 782 1345 altare
803 1297 876 1343 ora·
927 1282 956 1342 si
966 1283 1069 1343 30uel
1084 1282 1224 1359 amplius
1243 1292 1353 1344 esseut
1366 1282 1404 1342 12
1417 1278 1604 1349 melechini.
1625 1278 1711 1339 Uni-

88 1380 213 1451 tiouem,
236 1379 348 1456 pergit
370 1377 411 1438 ad
432 1378 584 1456 papalem
607 1394 793 1440 cameram:
819 1377 875 1438 ubi
926 1393 1031 1439 uersae
1046 1378 1145 1439 etiam
1159 1377 1281 1440 scholae
1295 1376 1423 1455 palatii,
1440 1376 1570 1437 clericis
1591 1377 1711 1437 Roma·

89 1491 157 1536 cum
187 1490 248 1536 sua
275 1474 449 1537 voluntate
478 1475 680 1552 pausaverit,
715 1473 805 1535 vadit
833 1472 875 1534 ad
928 1473 980 1534 nis
994 1489 1053 1551 pro
1069 1473 1258 1546 thuribulis,
1273 1472 1398 1536 ludaeis
1413 1488 1471 1549 pro
1489 1471 1711 1548 repraesenta·

89 1586 241 1632 mensam.
927 1570 1017 1631 tione
1036 1570 1131 1646 legis,
1157 1569 1253 1631 laicis
1275 1569 1433 1631 Romanis
1454 1584 1513 1645 pro
1535 1583 1626 1640 arcu,
1649 1566 1712 1628 tale

123 1668 172 1727 81.
192 1666 274 1729 Post
290 1666 365 1730 haec
384 1666 494 1730 autem
515 1669 549 1730 in
570 1668 721 1747 proxima
741 1667 794 1730 die
809 1669 876 1729 Do-
928 1666 1166 1743 presbyterium
1181 1665 1287 1736 datur,
1304 1665 1337 1726 et
1356 1665 1479 1734 taliter,
1501 1663 1597 1740 quale
1619 1662 1712 1724 datur

88 1761 208 1823 minica
220 1762 345 1825 electus
357 1764 593 1825 cumomnibus
606 1764 775 1825 ordinibus
787 1762 875 1823 sacri
927 1762 963 1822 in
981 1760 1248 1822 coronationibus
1266 1760 1342 1821 aliis
1365 1759 1489 1820 domini
1507 1763 1617 1835 Papae.
1635 1759 1712 1818 Piu-

89 1857 199 1934 palatii
210 1858 243 1920 et
254 1857 422 1920 nobilibus
435 1860 592 1921 Romanis
605 1859 696 1921 vadit
707 1858 748 1920 ad
763 1858 873 1920 eccle·
927 1872 1027 1918 cerna
1040 1857 1177 1935 insuper
1190 1857 1223 1919 et
1243 1855 1458 1918 marescallus
1472 1857 1539 1917 tam
1556 1855 1596 1915 de
1611 1868 1712 1915 come
1770 1855 1774 1863 '

90 1953 167 2013 siam
180 1952 270 2016 beati
284 1954 376 2016 Petri
392 1970 400 2010 ε
416 1954 472 2014 ubi
484 1953 526 2015 ad
536 1954 639 2016 altare
652 1957 769 2031 majus,
779 1953 876 2030 prout
927 1953 1044 2026 stione,
1059 1969 1156 2030 quam
1171 1953 1210 2014 de
1220 1953 1296 2015 aliis
1307 1951 1453 2014 donariis
1463 1949 1714 2013 remunerantur

90 2048 122 2109 in
140 2048 262 2111 Ordine
282 2050 479 2121 continetur,
495 2049 537 2111 ab
556 2048 708 2127 episcopo
728 2048 874 2111 'Ostiensi
928 2049 1097 2122 similiter,
1126 2049 1263 2127 excepto
1294 2048 1379 2125 quod
1408 2048 1518 2124 capita
1542 2061 1714 2123 porcorum

91 2145 275 2220 specialiter
289 2146 322 2206 et
335 2145 411 2207 aliis
425 2145 589 2223 episcopis
603 2146 643 2206 de
656 2145 750 2207 curia
763 2161 876 2207 conse·
929 2146 1039 2222 aptata
1052 2161 1119 2208 non
1134 2145 1265 2217 habeut,
1287 2159 1394 2221 neque
1411 2144 1581 2205 claretum.
1601 2141 1715 2202 Fami-

91 2240 206 2312 cratur,
223 2240 291 2303 hoc
304 2241 426 2313 addito,
445 2241 530 2319 quod
548 2241 577 2301 si
596 2240 681 2303 torte
702 2240 876 2317 episcopus
929 2241 975 2301 lia
990 2256 1119 2317 quoque
1135 2243 1168 2302 et
1179 2239 1321 2302 curiales
1337 2238 1576 2316 presbyterium
1596 2236 1717 2298 habent

91 2335 246 2397 Ostiensis
262 2352 410 2414 praeseus
423 2352 489 2398 non
504 2336 623 2409 tuerit,
640 2334 876 2411 archipresby·
926 2335 1018 2412 justa
1032 2334 1208 2397 camerarii
1221 2334 1437 2396 voluntatem.

90 2432 313 2494 terOstiensis
328 2433 590 2495 seuVeliternus
610 2430 880 2492 interessedebet
970 2431 1020 2491 83.
1044 2431 1079 2492 Si
1099 2447 1178 2493 uero
1201 2430 1317 2493 electio
1341 2428 1428 2492 iacta
1450 2429 1500 2492 est
1520 2429 1555 2490 in
1578 2428 1716 2491 ecclesia

91 2529 341 2590 consecrationi.
377 2530 449 2599 Qua
481 2526 729 2589 consecratione
764 2525 876 2597 finita,
932 2526 1044 2588 Sancti
1069 2526 1170 2600 Petri,
1197 2527 1271 2604 post
1301 2526 1559 2588 nominationem
1589 2525 1717 2586 ducitur

91 2624 174 2699 prior
201 2623 313 2684 sancti
341 2614 510 2684 Laurentii
535 2623 622 2683 sacri
644 2621 760 2699 palatii
787 2621 878 2699 ponit
930 2622 1053 2683 electus
1071 2638 1091 2683 a
1108 2621 1235 2684 duobus
1255 2622 1479 2684 cardinalibus
1498 2622 1660 2684 cautando
1676 2625 1718 2683 Te

91 2719 231 2795 palleum
253 2733 355 2795 super
368 2718 483 2788 altare,
500 2719 584 2794 quod
604 2716 675 2794 ipse
689 2717 781 2794 prior
794 2731 876 2793 pro·
929 2722 1039 2780 Deum
1053 2721 1234 2781 tammus
1251 2718 1292 2780 ad
1313 2720 1438 2782 altare:
1462 2719 1518 2780 ubi
1536 2718 1719 2795 prostratus

92 2815 156 2891 pria
169 2829 276 2875 manu
289 2813 384 2874 debet
394 2828 532 2890 parare:
546 2813 579 2874 et
590 2812 701 2875 statim
714 2813 878 2873 archidia·
929 2815 1100 2892 postquam
1121 2815 1320 2889 adoraverit,
1344 2817 1478 2894 ponitur
1495 2815 1531 2875 iu
1550 2815 1627 2877 sede
1647 2815 1718 2892 post

93 2926 186 2972 conus
208 2925 286 2971 cum
308 2908 451 2970 secundo
465 2908 604 2970 diacono
623 2908 703 2969 dant
723 2908 758 2968 iu
776 2924 877 2969 manu
930 2911 1045 2984 altare,
1058 2915 1092 2974 et
1102 2911 1149 2973 ibi
1162 2912 1332 2990 episcopos
1342 2913 1375 2975 et
1384 2912 1581 2983 cardinales,
1593 2912 1626 2973 et
1637 2926 1719 2989 quos

94 3005 267 3078 Pontidcis,
283 3006 316 3067 et
329 3004 420 3066 solus
431 3005 684 3066 archidiaconus
700 3003 779 3067 dicit
793 3009 877 3067 Pon·
930 3009 993 3071 sibi
1011 3009 1183 3087 placuerit,
1203 3010 1322 3088 recipit
1345 3010 1386 3072 ad
1410 3009 1510 3087 pedes
1530 3010 1563 3071 et
1580 3010 1719 3086 postmo

95 3101 166 3163 tidoi
177 3118 185 3158 τ
197 3105 488 3176 accipendum,
496 3102 742 3175 plenitudinem
751 3104 877 3164 scillcet
930 3105 1006 3166 dum
1020 3106 1061 3167 ad
1076 3105 1190 3167 oscula
1203 3107 1305 3183 pacis.
1321 3108 1359 3169 Et
1371 3107 1523 3183 proxima
1538 3105 1591 3166 die
1603 3104 1718 3166 Domi-

95 3198 415 3272 ponttticoltsolitctt,
429 3200 647 3260 odbonorem
669 3199 877 3273 omnipoteo·
929 3203 1005 3263 nica
1025 3202 1175 3278 sequenti
1196 3202 1409 3263 consecratur
1432 3201 1567 3273 ibidem,
1589 3200 1719 3261 cantata

98 3293 135 3354 tls
145 3294 518 3370 Detetqlortoatsstmee
534 3296 684 3370 Virqtnts
695 3295 878 3370 muraeni-
930 3297 1031 3357 missa
1050 3312 1124 3357 cum
1147 3296 1421 3358 sollemnitatibus
1445 3296 1597 3371 superius
1619 3295 1720 3353 nomi-

98 3388 195 3462 tricis,
214 3391 249 3451 et
269 3390 448 3454 beatorum
470 3391 701 3465 apostolorum
725 3390 826 3451 Petri
844 3390 878 3451 et
931 3392 1036 3453 natis:
1058 3392 1091 3452 et
1104 3393 1279 3452 coronatus
1300 3391 1478 3451 revertitur
1491 3389 1533 3449 ad
1549 3388 1719 3465 palatium,

96 3486 188 3547 Pauli
198 3487 231 3548 et
240 3487 376 3548 sanctor
388 3489 552 3548 Ronaance
563 3488 712 3547 eoeleste
720 3502 732 3557 ;
747 3485 780 3545 et
794 3484 878 3544 nihil
931 3487 1026 3550 lactis
1040 3486 1191 3548 omnibus
1201 3486 1288 3560 aliis,
1301 3486 1386 3547 sicut
1396 3486 1447 3547 θεῖ
1461 3484 1613 3563 superius
1629 3500 1719 3546 enar·

97 3578 188 3641 aliud.
215 3580 400 3658 Statimque
423 3581 494 3657 ipse
522 3580 776 3641 archidiaconus
804 3595 878 3640 cum
931 3585 1049 3656 ratum,
1064 3598 1122 3660 per
1136 3583 1296 3644 ordinem.
1312 3584 1495 3660 Antequam
1509 3582 1612 3644 intrat
1623 3582 1720 3659 pala-

96 3676 196 3751 priore
207 3676 402 3739 basilicario
417 3676 508 3753 aptat
521 3676 608 3737 idem
622 3676 766 3752 palleum
780 3691 879 3753 super
930 3681 1027 3753 tium,
1064 3679 1232 3741 descendit
1265 3679 1306 3741 ad
1341 3679 1451 3741 sedem
1484 3681 1718 3742 stercoratam:

98 3772 303 3848 Pontificem
327 3774 360 3835 et
382 3771 581 3834 intromissis
602 3772 742 3849 spinulis
766 3772 877 3833 aureis
930 3776 1041 3855 ibique
1062 3776 1191 3849 sedens,
1216 3777 1313 3853 prout
1334 3778 1435 3838 moris
1459 3777 1518 3849 est,
1543 3778 1576 3839 et
1595 3777 1720 3839 faciens

99 3866 192 3930 tribus
212 3870 303 3942 ante,
324 3870 357 3931 et
375 3870 474 3941 retro,
498 3869 531 3930 et
553 3868 688 3930 sinistro
707 3868 820 3953 latere,
842 3868 877 3929 iu
927 3875 1052 3952 jactum
1069 3873 1121 3934 ter
1139 3872 1349 3951 replicatum,
1369 3874 1454 3936 sicut
1476 3875 1629 3950 superius
1651 3873 1720 3935 die

102 3965 195 4040 capite
212 3981 354 4044 quarum
378 3964 454 4027 sunt
473 3964 582 4026 innixi
605 3966 672 4026 tres
692 3965 876 4042 hyacintini
930 3972 999 4032 tum
1011 3970 1071 4042 est,
1088 3970 1249 4047 accipitur
1262 3986 1282 4031 a
1296 3970 1530 4042 cardinalibus,
1545 3970 1578 4032 et
1592 3970 1720 4032 ducitur

102 4058 232 4136 lapides:
249 4064 286 4124 et
306 4063 354 4123 sic
372 4062 508 4123 ornatus
527 4061 654 4123 accedit
667 4062 821 4123 Pontifex
835 4061 877 4123 ad
930 4083 990 4143 per
1008 4066 1171 4143 porticum
1192 4066 1297 4142 ipsam
1318 4066 1360 4127 ad
1379 4066 1554 4128 ecclesiam
1573 4065 1721 4129 basilicae

104 4155 205 4230 altare,
218 4160 253 4221 et
268 4157 314 4219 ibi
326 4158 471 4219 celebrat
483 4157 664 4219 honorilice
678 4158 824 4219 missam.
839 4158 879 4218 Et
931 4162 1180 4224 Lateranensis:
1196 4165 1230 4224 et
1248 4162 1429 4223 ascendens
1444 4163 1555 4224 sedem
1577 4165 1651 4240 post
1671 4162 1721 4223 al-

105 4254 269 4315 notandum
284 4254 369 4331 quod
381 4253 495 4315 laudes
505 4253 546 4315 ab
558 4253 791 4315 archidiacono
804 4270 878 4314 cum
930 4259 1013 4330 tare,
1028 4258 1147 4334 recipit
1158 4258 1334 4320 canonicos
1349 4258 1496 4336 ejusdem
1512 4259 1662 4319 ecclesiae
1680 4258 1721 4319 ad

107 4349 314 4412 canonibus
338 4351 372 4413 et
398 4348 608 4411 subdiaconis
633 4351 667 4412 et
687 4349 877 4422 scrinariis,
932 4354 1042 4432 pedes,
1071 4353 1104 4416 et
1130 4353 1248 4414 deinde
1270 4353 1311 4414 ad
1340 4355 1489 4414 osculum
1517 4355 1619 4430 pacis.
1652 4356 1721 4424 Quo

107 4443 333 4518 epistolalatiua
365 4462 440 4510 oum
463 4460 584 4522 graeca,
615 4447 649 4508 et
671 4446 901 4521 evangelium>
932 4450 1033 4522 iacto,
1054 4448 1161 4526 pergit
1176 4447 1217 4509 ad
1239 4448 1399 4525 palatium
1419 4464 1522 4524 usque
1546 4449 1588 4508 ad
1611 4449 1722 4508 sedem

107 4536 232 4603 latinum
246 4559 318 4604 cum
332 4558 452 4620 graeco,
473 4543 507 4604 et
523 4556 637 4602 omues
651 4540 726 4603 aliae
742 4540 879 4602 sollem-
933 4546 1039 4608 sancti
1051 4544 1220 4617 Silvestri3
1236 4543 1348 4620 ibique
1363 4542 1464 4613 sedet,
1476 4544 1509 4603 et
1521 4541 1600 4604 facit
1611 4543 1722 4605 omnia

108 4635 214 4698 nitates
235 4640 313 4702 tunc
342 4638 435 4712 dunt,
457 4638 544 4700 sicut
566 4637 602 4698 in
624 4635 709 4702 feria
735 4635 880 4699 secunda
933 4639 1096 4703 ineodem
1111 4638 1183 4700 loco
1199 4640 1232 4701 et
1249 4637 1408 4711 inantea,
1433 4637 1519 4699 sicut
1533 4638 1655 4700 dictum
1673 4640 1724 4703 est

109 4732 318 4806 postPascha.
515 4806 521 4813 ,
934 4735 1271 4814 εθρθτίιιε,οθ<1ἱηθῖθ.

142 4828 186 4888 82.
205 4832 305 4892 Missa
327 4832 436 4893 autem
453 4830 631 4905 celebrata,
648 4830 825 4893 revertitur
838 4832 880 4894 ad
972 4835 1022 4894 84.
1046 4832 1080 4894 Si
1094 4832 1204 4893 autem
1223 4831 1318 4894 extra
1335 4830 1449 4894 urbem
1468 4832 1568 4896 lirerit
1585 4834 1719 4908 electus,

112 4923 252 4996 palatium
266 4929 442 4989 coronatus
457 4942 531 4988 cum
546 4927 755 5003 processione
767 4927 801 4989 et
814 4927 879 4989 ho·
934 4930 967 4992 et
979 4944 1045 4990 nen
1064 4930 1295 5005 consecratus3
1311 4929 1422 4991 omnia
1438 4930 1520 4992 flrrnt
1533 4930 1647 4993 ordine
1660 4948 1721 4992 su-

113 5032 180 5082 nore
196 5038 341 5096 arcuum,
363 5022 654 5099 repraesentatione
675 5023 758 5099 legis
777 5039 798 5084 a
815 5026 880 5087 Ju—
934 5025 1091 5104 pradict0,
1108 5024 1178 5086 sive
1197 5023 1256 5087 tlat
1269 5025 1447 5087 descensus
1465 5026 1499 5088 et
1518 5028 1723 5090 consecratio

113 5110 190 5188 deis,
208 5121 239 5181 et
255 5118 498 5182 thuribulorum
522 5134 542 5179 a
561 5118 691 5178 clericis
710 5121 879 5193 Romanis,
934 5122 1080 5201 ejusdem
1095 5120 1190 5183 electi
1211 5121 1247 5182 in
1263 5121 1404 5183 ecclesia
1419 5123 1524 5184 sancti
1539 5125 1640 5197 Petri,
1663 5140 1723 5185 seu

114 5209 281 5287 otiantibus
298 5214 445 5286 totidem,
461 5215 495 5276 et
509 5214 602 5276 tanta
615 5214 798 5290 quantitate
811 5215 883 5278 tac-
934 5219 969 5280 in
992 5215 1133 5278 ecclesia
1151 5217 1366 5279 Laterenensi
1387 5218 1475 5279 idem
1498 5219 1622 5281 electus
1642 5220 1722 5280 des-

113 5303 159 5377 tis,
186 5310 266 5373 sicut
286 5311 323 5371 iu
344 5310 502 5387 praedicta
529 5310 673 5371 secunda
698 5309 781 5373 seria
809 5315 883 5390 post
934 5313 1062 5376 cendat.
1076 5313 1167 5384 Quod
1180 5313 1209 5374 si
1224 5313 1348 5375 electus
1357 5314 1391 5375 et
1402 5315 1612 5375 consecratus
1625 5313 1723 5375 suerit

115 5400 237 5465 Pascha.
253 5406 493 5482 sciendumque
507 5405 592 5481 quod
606 5405 792 5468 cardinales
810 5423 883 5468 om·
934 5411 1028 5472 extra
1040 5409 1165 5481 urbem,
1182 5410 1217 5470 et
1234 5412 1357 5486 aperta
1371 5409 1584 5470 Lateranensi
1595 5409 1723 5472 venerit

116 5510 165 5556 nes
182 5501 287 5575 greci,
313 5500 520 5578 primicerius
543 5515 616 5561 oum
638 5501 752 5563 schola
773 5507 883 5567 canto·
935 5507 976 5568 ad
991 5505 1126 5580 Urbem3
1142 5520 1256 5589 omnes
1270 5503 1409 5567 Romani
1424 5502 1724 5568 clericioccurrunt

117 5606 179 5655 run
193 5597 372 5672 prateolus,
392 5598 572 5671 senatores,
584 5595 714 5674 judices
729 5599 762 5661 et
775 5599 881 5666 advo·
935 5603 967 5667 el
981 5602 1075 5666 extra
1094 5600 1208 5664 urbem
1224 5600 1340 5675 induti,
1355 5613 1430 5662 cum
1441 5596 1593 5662 crucibus
1608 5600 1641 5664 θῖ
1651 5600 1724 5668 thu·
