3980 6198
861 299 1037 362 Hononll
1060 297 1104 360 ΙΙΙ
1127 299 1265 361 OPERA

417 522 582 593 s'ptscopo
603 523 781 582 Ebroc'cca.
803 519 852 601 (a)

492 764 498 771 .
525 706 661 767 CAPUT
685 708 746 768 tlt.

280 854 426 917 innotuit
441 855 536 919 nobis
555 860 593 919 P.
616 857 657 919 de
678 857 836 919 Samcriis
852 856 938 919 laico
953 856 1034 918 inli-

237 952 358 1024 mante‚
375 953 461 1031 quod
488 970 588 1033 quum
609 957 646 1016 G.
667 956 708 1017 de
727 956 811 1017 Haia
826 971 922 1032 quem
938 954 1032 1016 bonae

236 1050 405 1113 memorias
416 1053 465 1125 h,
477 1053 702 1130 praedecessor
715 1054 801 1125 tuus,
818 1069 877 1132 pro
892 1069 931 1115 eo
947 1052 1033 1131 quod

238 1148 311 1223 post
339 1152 526 1227 susceptum
553 1150 809 1214 subdiaconatus
824 1152 969 1213 officium
992 1150 1034 1213 de

237 1243 324 1306 lacto
350 1262 424 1307 cum
455 1249 596 1326 quadarn
625 1250 765 1311 muliere
791 1248 971 1320 contraxit,
1001 1250 1034 1310 et

237 1340 324 1404 sicut
338 1343 443 1406 lateus
458 1345 668 1409 cohabitabat
687 1347 804 1420 eidem,
821 1345 954 1408 uinculo
974 1361 1035 1408 ex-

237 1441 546 1505 communicationis
580 1445 751 1517 astrinxit,
790 1445 899 1523 ipsum
933 1458 1034 1520 super

237 1537 379 1613 quadam
405 1539 588 1603 hereditate
613 1558 725 1605 coram
747 1542 901 1604 saeculari
921 1541 1033 1619 jndice

237 1636 445 1713 conueniret3
472 1639 543 1716 ipse
560 1642 674 1702 contra
689 1641 783 1700 illum
799 1640 884 1718 quod
900 1655 1035 1701 excom-

238 1734 425 1796 municatus
449 1738 536 1799 esset
559 1739 592 1799 et
617 1738 703 1816 quod
725 1739 757 1799 ei
780 1755 847 1798 non
864 1738 1035 1799 teneretur

237 1832 438 1908 respondere
461 1835 614 1912 excepit:
632 1837 664 1896 et
683 1851 782 1913 quum
805 1835 911 1896 dictus
929 1833 1035 1911 judex

237 1930 373 2005 paratus
396 1932 484 1993 esset
505 1932 695 2010 huJusmodi
725 1933 952 2010 exceptionem
975 1930 1035 1992 ad-

237 2027 379 2099 mittere,
401 2026 490 2090 siah
510 2030 582 2108 ipso
603 2030 689 2092 laico
711 2016 916 2108 probaretur,
935 2043 1034 2105 super

237 2125 300 2186 hoc
324 2125 365 2185 ad
386 2128 419 2188 te
443 2127 596 2190 habuerit
619 2128 723 2190 laicus
742 2128 813 2206 ipse
832 2143 1002 2189 recursum
1024 2147 1032 2186 ε

238 2222 296 2282 sed
320 2224 356 2285 tu
382 2223 514 2286 allicere
538 2227 574 2288 ut
597 2225 703 2286 dictus
729 2225 1034 2287 excommunicatus

237 2321 338 2382 uitari
361 2318 510 2396 deberet,
534 2325 632 2400 prout
656 2323 743 2385 idem
768 2324 873 2385 laicus
902 2322 1032 2394 asserit,

238 2418 384 2481 noluisti.
411 2422 516 2493 Quum
540 2423 660 2495 autem,
686 2418 843 2500 sicutte)
869 2422 903 2481 in
929 2420 1035 2481 sacris

237 2515 378 2578 habetur
391 2518 584 2591 canonibus,
602 2519 748 2596 episcopi
767 2518 1036 2580 excommunica·

236 2616 345 2675 torum
356 2616 501 2677 omnium
517 2617 651 2677 nomina
662 2617 728 2678 tam
738 2616 858 2677 ricinis
870 2615 1034 2692 episcopis

238 2728 336 2787 quam
369 2713 438 2772 suis
470 2714 682 2789 parochianis
710 2713 858 2775 indicare
882 2711 1033 2785 debeant,

239 2824 344 2886 eaque
367 2809 403 2870 in
426 2809 551 2872 celebri
580 2811 653 2872 loco
682 2812 788 2888 posita
814 2827 883 2889 prae
908 2810 1035 2871 loribus

238 2906 388 2968 ecclesiae
421 2909 548 2970 cunctis
567 2907 839 2971 convenientibus
853 2908 1033 2973 inculcare.

239 3006 276 3068 ut
309 3006 605 3068 excommunicatis
644 3006 888 3071 ecclesiasticus
927 3005 1035 3066 aditus

238 3102 462 3179 praecludatur
483 3103 615 3182 ubique,
631 3120 671 3167 ac
685 3103 911 3166 excusationis
935 3118 1035 3163 causa

238 3200 390 3262 omnibus
401 3201 580 3274 auferatur,
591 3200 614 3262 f.
624 3202 647 3263 t.
658 3202 863 3273 mandamus,
874 3203 1035 3278 quatenus

238 3298 266 3358 ei
282 3299 438 3375 praelatus
457 3299 682 3377 praedecessor
696 3301 771 3362 tuus
788 3315 832 3361 ex
846 3297 1034 3377 hujusmodi

238 3413 339 3458 causa
361 3396 598 3460 subdiaconum
620 3397 920 3459 excommunicavit
942 3412 1037 3457 eum-

238 3490 324 3567 dem,
345 3496 496 3573 petitioni
520 3512 620 3573 super
640 3497 704 3559 hoc
727 3512 856 3557 annuas
871 3494 949 3556 laici
965 3510 1036 3556 me·

239 3593 370 3654 morati.

131 3850 133 3853 ·
237 3776 503 3879 arcltidtocono,
524 3809 625 3868 trans
645 3810 815 3882 Liparae,
842 3809 981 3883 officiali
1003 3810 1036 3870 ct

390 3907 421 3966 J.
436 3904 564 3967 Borcttt
575 3908 739 3968 coactatco
756 3910 880 3968 Toron.

531 4112 668 4174 CAPUT
684 4114 735 4173 IV.

279 4261 398 4325 Dilecti
419 4262 479 4323 tilii
504 4264 536 4325 S.
554 4266 592 4325 P.
609 4279 649 4328 ac
668 4268 705 4327 G.
735 4263 781 4345 (c)
797 4265 951 4328 canonici
976 4281 1035 4326 ec-

260 4549 315 4632 Ι(ιι)
338 4551 473 4623 Episcopo
493 4552 665 4612 Edroiccasi.
685 4553 813 4623 dursac,
829 4553 979 4626 llodulpho
1000 4554 1036 4612 de

235 4622 335 4692 Crette,
349 4625 405 4694 vel,
423 4624 517 4682 Cierre
550 4624 585 4683 27
599 4625 696 4708 episco
736 4661 746 4693 ,
766 4632 815 4682 aut
831 4623 972 4683 Richards
990 4626 1034 4695 28,

236 4694 285 4821 gui
305 4693 438 4751 sederunt
452 4694 506 4777 sub
518 4639 645 4752 honorio
661 4697 686 4753 ll
711 4694 784 4765 ;sed
806 4696 900 4777 terius
914 4703 958 4753 est
978 4697 1033 4754 llo·

255 4763 344 4845 ulpho
368 4764 456 4823 luisse
480 4764 619 4822 directum
647 4763 703 4821 hoc
729 4774 914 4837 rescriptum,
937 4774 1036 4840 utpote

235 4848 318 4907 canus
330 4835 571 4908 predecessorem
592 4837 697 4893 bucam
721 4833 769 4892 bic
789 4836 918 4894 nominet
937 4839 1034 4895 Hono·

236 4908 306 4975 rius,
322 4908 370 4978 qui
385 4905 438 4963 luit
451 4906 486 4963 26
498 4906 651 4979 episeopus
662 4906 856 4964 Ehrorceusis.

274 5002 313 5076 (tt
342 5003 377 5061 ln
403 5003 495 5061 samm
520 5003 683 5061 canonibus.
709 5005 751 5061 De
780 5004 1037 5063 excommunicatis

235 5073 348 5131 clericis
372 5074 408 5131 ah
431 5074 558 5131 Ecclesia
580 5073 765 5132 excludendis
790 5089 855 5133 can.
881 5076 909 5145 9,
934 5076 1036 5151 synodi

236 5145 415 5215 neoeoessr,
431 5153 461 5203 et
474 5159 539 5202 can.
558 5147 584 5213 l,
599 5143 701 5230 synodi
715 5145 848 5206 antioch.
873 5147 911 5205 ita
936 5156 968 5205 ut
992 5162 1037 5204 cx·

236 5223 318 5273 terno
343 5217 428 5273 etiam
450 5215 559 5275 honore
583 5225 732 5289 priventur,
753 5232 796 5290 τῆς
812 5228 887 5285 stoan
904 5234 982 5293 rapto
1006 5229 1037 5278 ut

237 5286 314 5345 addit
329 5288 471 5353 Bilisdttlo,
485 5297 542 5347 οὔτι
553 5296 602 5362 γὰρ
613 5296 739 5362 καθέδρας.
749 5300 807 5348 οὔτε
816 5299 926 5358 abactor
937 5300 1038 5359 ἀξιωθή-

220 5374 341 5429 ’σοντας,
363 5368 421 5441 oriri
445 5361 498 5431 μὴν,
515 5368 598 5433 isipoo
624 5369 760 5434 προνομίαν
784 5372 917 5443 ἱερατικοῦ.
935 5361 967 5418 ld
981 5369 1036 5425 est,

236 5445 322 5500 acque
332 5445 407 5485 encra
421 5430 568 5498 cathedras,
580 5445 664 5501 neque
679 5432 830 5487 vermiosae
841 5432 944 5488 bonore
958 5430 1038 5504 diarii

235 5500 420 5570 habebantur,
434 5500 482 5556 scd
494 5516 543 5557 nec
557 5502 615 5558 olio
635 5502 804 5558 sacedotuti
816 5501 985 5574 pricilcyio;
1002 5518 1036 5559 ex

236 5584 293 5651 quo
308 5577 373 5653 nota
391 5585 489 5628 vocem
503 5581 621 5641 starioc,
635 5570 662 5629 id
674 5579 717 5629 cst
726 5573 892 5631 vocationis:
909 5574 1040 5631 solebant

236 5655 352 5699 emmiu
370 5643 490 5701 ccclesia
503 5643 619 5701 notariae
636 5644 803 5702 clericorum
820 5643 931 5717 publice
943 5645 1037 5702 ollerri

1829 267 1890 356 aas

1087 459 1199 520 cleslae
1226 458 1357 519 Sanctae
1375 455 1491 517 Mariae
1516 454 1662 516 Gratiae.
1684 456 1887 517 transmissa

1088 555 1184 618 nobis
1210 556 1373 633 petitione
1399 554 1646 625 monstrarunt,
1672 554 1887 630 quodquam

1088 655 1131 714 M.
1146 652 1329 714 canonicus
1346 651 1497 728 ejusdem
1514 649 1679 721 ecclesiae,
1701 649 1886 710 Bituricen.

1088 751 1255 823 dioecesis,
1271 750 1364 828 ipsos
1380 764 1492 810 coram
1507 747 1647 820 decano,
1671 750 1703 807 ct
1722 747 1886 823 magistro

1088 851 1219 912 Herveo
1233 848 1396 910 canonico
1408 845 1665 908 altissiodoren.
1687 844 1854 921 delegatis
1868 861 1887 906 a

1089 946 1184 1008 nobis
1205 946 1369 1008 traxisset
1389 945 1425 1005 in
1447 959 1596 1015 causam,
1619 959 1723 1019 super
1741 943 1886 1019 eoquod

1089 1061 1125 1107 se
1141 1046 1314 1122 opponunt
1329 1041 1486 1105 electioni
1502 1058 1521 1103 a
1537 1040 1735 1119 quibusdam
1752 1041 1888 1102 canoni·

1088 1142 1137 1204 cis
1155 1141 1300 1204 Gratiae.
1322 1140 1418 1204 lactas
1438 1140 1479 1201 de
1504 1139 1632 1217 ipsein
1654 1139 1801 1216 priorem
1827 1154 1886 1200 ec-

1088 1239 1202 1301 clesiae
1222 1238 1440 1316 supradicte,
1461 1240 1496 1299 et
1514 1236 1616 1298 iidem
1640 1238 1888 1313 proposuerunt

1088 1352 1201 1399 eoram
1225 1336 1375 1413 praelatis
1392 1334 1578 1413 judicibus,
1599 1333 1686 1412 quod
1707 1334 1818 1395 dictus
1837 1336 1882 1395 M.

1087 1432 1886 1510 nondebebataudiri,eoquodexcommunicatus

1088 1537 1172 1606 erat,
1183 1537 1216 1595 et
1231 1532 1371 1611 perjurii
1385 1531 1525 1593 crimine
1537 1531 1699 1592 irretitus.
1713 1532 1885 1607 Quumque

1088 1633 1201 1693 dictus
1215 1633 1259 1692 M.
1277 1628 1427 1707 praelatis
1442 1632 1482 1690 G.
1497 1644 1537 1691 ac
1551 1630 1588 1689 Ρ.
1604 1626 1788 1705 perjurium
1804 1629 1884 1688 ets.

1089 1727 1468 1790 excommunicationem
1487 1726 1522 1787 in
1537 1726 1671 1787 modum
1686 1724 1884 1802 replicatio-

1089 1826 1142 1888 nis
1158 1825 1331 1904 0bjiciens,
1355 1824 1493 1903 perhoc
1511 1840 1627 1886 eorum
1650 1823 1884 1899 exceptionem

1090 1924 1216 1986 elidere
1231 1924 1406 1995 niteretur,
1424 1923 1621 1999 procurator
1636 1936 1752 1982 eorum
1767 1936 1885 1997 propo

1089 2023 1168 2096 suit,
1185 2020 1367 2100 quodlicet
1381 2020 1513 2097 judices
1530 2019 1668 2097 praelato
1686 2021 1732 2079 M.
1750 2018 1792 2079 ad
1808 2034 1887 2095 pro·

1088 2119 1232 2181 bandum
1247 2119 1501 2196 replicationem
1522 2133 1617 2177 suam
1636 2116 1818 2179 terminum
1834 2133 1889 2177 as-

1089 2218 1291 2294 signassent,
1317 2219 1391 2294 ejus
1417 2219 1530 2278 tamen
1560 2230 1662 2292 super
1687 2215 1751 2275 hoe
1780 2214 1884 2290 recipi

1090 2315 1242 2392 probatio
1261 2330 1328 2376 non
1348 2312 1503 2389 dehebat3
1527 2313 1605 2390 quia
1620 2312 1754 2374 etiamsi
1774 2311 1887 2389 objec-

1088 2414 1159 2474 tum
1174 2412 1326 2489 praetatis
1341 2411 1515 2473 canonicis
1527 2411 1712 2489 pery'urium
1728 2410 1882 2487 probare

1088 2514 1154 2584 tur,
1171 2526 1238 2571 non
1253 2512 1492 2571 essenttamen
1507 2511 1642 2586 propter
1652 2508 1715 2569 hoc
1730 2524 1751 2568 a
1765 2508 1884 2569 delen-

1090 2608 1184 2670 sione
1200 2607 1430 2669 suaeecclesiae
1440 2606 1636 2684 repellendi.
1646 2605 1779 2684 Adjecit
1789 2606 1887 2666 eham

1089 2706 1175 2783 quod
1196 2707 1313 2767 contra
1337 2704 1714 2766 excommunicationem
1729 2703 1821 2764 dicto
1842 2704 1886 2762 M.

1090 2804 1124 2864 in
1137 2804 1269 2865 modum
1285 2802 1494 2880 exceptionis
1510 2801 1685 2880 objectam,
1700 2817 1889 2862 excommu-

1090 2901 1212 2962 nicatio
1242 2900 1425 2979 supradicti
1439 2903 1472 2961 S.
1498 2899 1656 2978 replicari
1671 2914 1738 2959 non
1756 2898 1886 2976 poterat

1090 3015 1163 3060 cum
1188 2998 1323 3073 effectu3
1344 3000 1415 3059 turn
1450 2998 1529 3075 quia
1564 3013 1635 3057 suae
1661 2994 1884 3057 absolutionis

1090 3096 1220 3158 litteras
1237 3095 1451 3169 ostendebat,
1467 3098 1536 3156 tum
1558 3094 1636 3172 quia
1656 3094 1812 3170 exceptio
1827 3092 1888 3169 ipsi

1090 3196 1134 3255 M.
1151 3194 1302 3271 opposita
1318 3193 1470 3254 eumdem
1489 3192 1629 3269 probata
1645 3191 1826 3268 repelleret
1850 3190 1889 3250 ab

1090 3291 1231 3367 agendo.
1271 3290 1457 3369 Replicatio
1492 3306 1572 3351 vero
1605 3288 1822 3366 saepedictum
1856 3291 1886 3348 S.

1090 3404 1300 3466 nequaquam
1335 3405 1355 3450 a
1385 3387 1594 3449 defendendo
1627 3386 1829 3463 repelleret,
1863 3384 1888 3444 si

1090 3486 1191 3548 etiam
1203 3485 1412 3564 probaretur.
1422 3488 1531 3557 Quare
1544 3484 1688 3562 petebat,
1705 3486 1742 3545 ut
1756 3482 1889 3544 omissis

1091 3584 1282 3661 hujusmodi
1310 3583 1541 3662 replicationis
1563 3581 1831 3660 probationibus,
1857 3581 1890 3639 ia

1090 3683 1211 3759 quibus
1245 3683 1345 3744 etiam
1385 3681 1415 3743 si
1453 3680 1688 3759 probarentur,
1725 3679 1823 3741 labor
1859 3680 1891 3739 ut

1090 3783 1331 3857 praeostensum
1346 3781 1396 3842 est
1410 3780 1664 3842 consumeretur
1680 3777 1807 3848 inanis,
1820 3793 1892 3854 pro

1090 3878 1243 3940 bationes
1271 3879 1460 3955 reciperent
1490 3893 1574 3954 quas
1609 3875 1650 3938 ad
1682 3874 1890 3953 probandum

1091 3976 1220 4053 objecta
1254 3976 1319 4052 ipsi
1347 3977 1392 4037 M.
1433 3975 1593 4037 ducerent
1627 3973 1889 4051 producendas:

1090 4074 1156 4152 ipsi
1175 4090 1256 4136 uero
1272 4073 1406 4151 judices
1425 4073 1620 4134 interlocuti
1643 4072 1790 4140 luerunt,
1807 4071 1891 4149 quod

1090 4172 1184 4250 prius
1204 4170 1418 4249 probationes
1442 4170 1631 4247 reciperent
1646 4185 1728 4246 quas
1745 4169 1787 4229 ad
1811 4185 1891 4246 pro·

1090 4269 1234 4331 handum
1261 4268 1472 4346 saepedictam
1492 4267 1743 4345 replicationem
1763 4267 1891 4343 produ·
1971 4344 1972 4359 χ

1090 4562 1121 4613 ut
1135 4553 1219 4613 docui
1233 4570 1269 4612 ex
1285 4555 1319 4613 D.
1333 4555 1474 4628 Cypriane
1488 4553 1568 4624 epist.
1584 4554 1618 4610 10
1631 4559 1660 4610 et
1675 4552 1739 4610 aliis
1761 4550 1843 4620 locis,
1859 4552 1894 4611 ad

1090 4627 1162 4685 titul.
1173 4628 1215 4685 De
1229 4627 1297 4683 cler.
1315 4639 1489 4683 emeramus.
1504 4624 1579 4699 apud
1593 4625 1714 4698 Greger.
1725 4624 1894 4697 Supprime-

1090 4698 1172 4755 batur
1191 4710 1297 4754 nauseo
1318 4696 1644 4764 excommunicatorum,
1666 4703 1754 4754 uteo
1779 4695 1895 4753 silentio

1091 4775 1326 4841 agnoscerentur,
1351 4768 1391 4824 ait
1413 4769 1446 4824 l).
1481 4767 1634 4839 augustin.
1661 4767 1743 4838 epist.
1775 4767 1843 4835 las,
1868 4774 1895 4823 ct
1971 4812 1972 4815 ,

1091 4838 1166 4911 quod
1181 4839 1305 4896 maxime
1320 4837 1388 4895 lacit
1402 4837 1438 4894 ad
1452 4836 1529 4894 hune
1544 4838 1649 4905 locum,
1665 4845 1695 4895 ut
1710 4837 1746 4894 ab
1761 4836 1896 4894 omnihus

1091 4910 1330 4967 excommunicati
1349 4910 1515 4977 vitarentur,
1535 4908 1676 4965 sententia
1694 4908 1808 4981 publice
1827 4924 1894 4980 pro·
1971 4886 1972 4953 l

1091 4979 1272 5063 mulgabatur
1287 4980 1318 5037 in
1338 4979 1469 5046 ecelesia,
1489 4987 1576 5050 atque
1595 4980 1682 5035 etiam
1705 4979 1734 5036 in
1755 4979 1847 5036 triviis
1870 4986 1897 5036 et

1091 5052 1161 5110 locas
1175 5050 1305 5124 publicis,
1327 5058 1358 5107 ut
1382 5066 1419 5107 ex
1439 5049 1573 5118 Eusebio,
1589 5049 1765 5122 Nicephoro,
1780 5058 1809 5107 et
1830 5050 1897 5107 aliis
1971 5058 1972 5129 l

1091 5121 1208 5195 probavi
1232 5121 1269 5180 ad
1292 5122 1363 5197 titul.
1385 5123 1427 5178 De
1453 5126 1524 5177 scat.
1548 5136 1721 5178 mammon
1746 5123 1787 5178 lta
1810 5120 1898 5178 flebat
1971 5164 1972 5191 ,

1092 5192 1166 5266 apud
1195 5191 1401 5261 Athenienses,
1426 5200 1580 5249 uteorum
1608 5191 1656 5264 qui
1685 5191 1721 5248 ab
1739 5191 1898 5265 Areopago
1971 5212 1972 5263 3

1092 5264 1261 5322 arcebantur
1284 5264 1400 5320 nomina
1415 5262 1446 5319 io
1461 5260 1559 5320 charta
1581 5261 1784 5333 scriberentur,
1799 5271 1829 5320 et
1842 5262 1899 5320 hoc
1971 5266 1972 5307 ἲ

1091 5334 1248 5402 dicebatur,
1277 5342 1498 5408 ispoliepopaieer.

1129 5432 1165 5508 (c)
1181 5432 1317 5490 Gorwnici
1338 5433 1365 5488 S.
1386 5430 1488 5488 Mario
1510 5431 1709 5488 Gratcoceuais.
1732 5430 1897 5504 Capitulum

1093 5507 1124 5563 B.
1150 5505 1247 5562 Mariae
1270 5502 1306 5560 de
1332 5502 1475 5571 Gratiano,
1505 5503 1690 5559 Matre-Dama
1710 5503 1744 5558 da
1770 5504 1898 5578 Grapny,

1093 5575 1209 5633 dicaces.
1221 5574 1413 5641 bituricensis,
1426 5572 1555 5644 pendete
1570 5573 1694 5645 mpltule
1705 5574 1899 5644 Vastiniensi,
1971 5570 1972 5625 ἶ

1092 5648 1126 5704 ‹tc
1140 5648 1243 5715 Vatoa,
1259 5645 1312 5703 sub
1327 5643 1606 5718 arclliprcsbyteratu
1621 5643 1657 5701 dc
1669 5644 1816 5703 Gratiaco.
