3960 6188
127 303 189 365 969
570 305 616 366 ΙΝ
637 306 768 367 FESTO
789 307 1091 368 PENTECOSTES.
1117 292 1256 369 SERMO
1279 307 1335 368 ΙΙΙ.
1719 304 1780 365 sto
1813 368 1818 381 ⁸

128 459 245 541 (Apoc.
259 476 329 534 x1r,
345 460 390 541 4).
416 464 554 527 Deeoxit
570 464 681 537 etiam,
699 466 732 528 et
753 465 927 544 depuravit
981 465 1090 547 (Rom.
1104 483 1163 541 ιιι,
1178 466 1244 546 20).
1257 466 1422 528 Carbones
1436 465 1523 541 ignis
1536 464 1715 541 dupliciter
1728 465 1778 524 in·

126 560 242 638 potum
258 558 312 620 rel
340 560 450 622 cibum
473 562 652 639 Scripturas
673 563 709 624 in
732 564 924 642 Evangelio,
980 566 1172 642 telligimus.
1189 563 1538 640 Carbonesignissunt
1551 562 1779 624 arderascha-

128 676 202 738 quae
223 663 260 723 in
273 662 381 724 veteri
401 662 474 739 lege
489 663 585 741 quasi
599 666 702 726 cruda
724 666 796 728 erat
812 668 846 728 et
872 683 927 728 se-
980 665 1099 735 ritatis‚
1116 680 1198 741 quos
1209 662 1319 725 verbis
1334 661 1526 723 ardentibus
1541 662 1641 722 etiam
1659 660 1777 736 expri-

126 758 279 833 micocta,
296 761 350 821 rel
365 761 521 839 insipida,
533 763 665 839 quando
681 766 754 825 erat
767 780 854 840 aqua
869 765 924 827 te·
979 764 1110 823 mimus.
1136 764 1204 822 Hos
1232 760 1393 823 carbones
1421 759 1646 835 congerimus,
1676 759 1775 830 idest,

125 855 271 919 nebrosa
296 857 331 918 in
350 858 494 920 nubibus
519 861 619 933 aeris,
647 860 680 922 et
702 861 924 923 velamentum
980 875 1221 935 congregamus
1240 873 1341 935 super
1360 857 1459 934 caput
1482 857 1618 929 inimici,
1643 857 1775 935 quando

126 955 272 1033 positum
289 972 390 1033 super
403 957 522 1019 faciem
539 959 679 1037 Moysis3
694 960 924 1037 propterquod
980 974 1039 1036 per
1056 957 1321 1020 benevolentiam
1344 957 1376 1017 et
1394 956 1555 1017 beneficia
1580 971 1775 1017 revocamus

126 1052 269 1128 gloriam
288 1054 401 1116 vultus
432 1059 505 1135 ejus
534 1073 601 1118 non
623 1058 753 1134 poterat
787 1058 922 1119 intueri.
980 1072 1055 1117 eum
1072 1058 1113 1117 ad
1127 1071 1273 1117 amorem
1288 1055 1448 1115 nostrum.
1463 1054 1569 1115 Aliter
1585 1071 1591 1109 :
1610 1054 1775 1114 Carbones

128 1150 193 1213 Sed
209 1151 244 1211 in
259 1154 441 1230 Evangelio
454 1155 567 1216 velum
588 1155 703 1232 templi
720 1155 861 1216 scissum
875 1158 926 1219 est
979 1155 1150 1232 ignissunt
1157 1155 1294 1216 ardores
1305 1152 1776 1214 aeternaedamnationis.Tunc

127 1264 148 1310 a
171 1264 300 1311 summo
325 1267 429 1328 usque
452 1252 617 1319 deorsum,
639 1253 672 1314 et
699 1255 926 1330 apparuerunt
980 1252 1254 1329 congregabimus
1278 1250 1439 1313 carbones
1461 1260 1565 1327 super
1588 1251 1687 1326 caput
1708 1250 1777 1310 ini-

126 1347 250 1408 Sancta
277 1349 485 1410 Sanctorum.
513 1350 671 1412 calefecit
695 1353 847 1424 Petrum,
867 1353 924 1430 qui
979 1352 1068 1424 mici,
1085 1351 1216 1429 quando
1229 1349 1368 1427 recipiet
1378 1348 1577 1409 sententiam
1593 1346 1776 1408 damnatio·

124 1442 233 1519 frigus
247 1443 454 1508 infidelitatis
467 1446 611 1509 habebat
625 1447 660 1508 in
675 1451 796 1521 mente,
814 1465 925 1526 quam·
979 1450 1031 1510 uis
1046 1466 1106 1528 pro
1125 1450 1201 1511 odio
1216 1448 1352 1526 injuste,
1373 1447 1452 1524 quia
1467 1462 1528 1508 nos
1549 1445 1774 1507 benefecimus

28 1580 33 1587 -
125 1539 185 1602 diu
200 1541 353 1605 calefecit
371 1560 407 1605 se
430 1544 472 1605 ad
487 1545 599 1622 ignem
620 1546 656 1606 in
670 1546 757 1608 atrio
777 1547 922 1624 Caiphae,
979 1549 1022 1620 ei,
1036 1547 1070 1609 θῖ
1080 1547 1153 1624 ipse
1167 1547 1274 1608 noluit
1287 1544 1411 1605 babere
1426 1560 1541 1622 pacem
1556 1544 1739 1605 nobiscum.

124 1654 189 1700 nec
210 1641 299 1716 ignis
323 1642 458 1719 Caiphae
479 1642 609 1720 poterat
629 1644 792 1720 repellere
817 1645 924 1721 frigus
1018 1645 1177 1722 Decoquit
1195 1661 1255 1722 per
1278 1643 1430 1719 spiritum
1452 1642 1595 1713 consilii,
1622 1643 1771 1713 dumea,
1850 1706 1852 1712 .

124 1738 258 1798 mentis.
276 1739 340 1800 Sed
356 1739 413 1799 ubi
432 1741 592 1801 Dominus
606 1742 757 1818 respexit
775 1743 922 1815 Petrum,
979 1759 1052 1821 quae
1067 1758 1251 1820 proponere
1262 1741 1418 1802 debemus
1434 1739 1467 1799 et
1478 1734 1589 1815 agere,
1604 1740 1696 1815 prius
1711 1740 1773 1801 de-

124 1835 161 1897 θῖ
176 1835 263 1911 ignis
287 1836 430 1913 spiritus
447 1839 560 1900 Sancti
580 1855 656 1900 eum
680 1839 844 1910 calefecit,
864 1856 924 1902 re·
979 1843 1165 1918 coquuntur
1187 1839 1222 1899 in
1242 1838 1308 1899 olla
1325 1837 1575 1898 deliberationis
1597 1837 1668 1898 sive
1688 1853 1772 1897 con-

124 1933 258 2011 pulsum
273 1935 324 1996 θεῖ
342 1933 448 2011 frigus
469 1936 687 2009 infidelitatis,
700 1938 732 1999 θῖ
746 1936 817 2014 ipse
833 1938 925 2001 flevit
979 1939 1057 2011 silii,
1075 1938 1173 2015 Juxta
1188 1936 1274 2013 quod
1297 1935 1454 2012 scriptum
1479 1936 1529 1996 θεῖ
1543 1957 1550 1995 :
1567 1935 1773 2013 «Palpebrae

124 2046 251 2092 amare.
979 2050 1110 2112 semper
1134 2034 1340 2111 praeveniant
1362 2049 1499 2109 gressus
1518 2034 1592 2094 tuos
1614 2049 1633 2093 s
1659 2031 1772 2109 (Pror.

164 2130 252 2206 Ergo
271 2131 306 2194 et
327 2147 399 2205 nos,
425 2130 558 2202 fratres,
581 2148 715 2195 oremus
733 2133 921 2209 Dominum,
977 2149 1023 2206 rr,
1039 2132 1085 2211 5),
1102 2132 1197 2204 idest,
1214 2131 1410 2193 deliberatio
1429 2131 1595 2209 praecedat
1608 2146 1721 2207 opera,
1738 2133 1775 2191 ut

123 2225 163 2288 ut
185 2227 297 2302 ignem
311 2228 413 2289 istum
429 2230 548 2300 mittat,
565 2231 599 2293 θῖ
616 2230 651 2291 in
673 2230 774 2292 corda
795 2231 921 2305 nostra,
978 2232 1070 2309 prius
1099 2230 1213 2291 veniat
1232 2229 1368 2290 verbum
1394 2230 1436 2290 ad
1466 2228 1580 2289 limam
1609 2245 1708 2306 qrram
1732 2229 1774 2290 ad

123 2324 184 2401 qui
211 2340 272 2387 nos
300 2326 468 2390 illuminet
499 2327 729 2404 intelligentiae
759 2328 920 2401 scientia,
978 2328 1137 2405 linguam,
1175 2327 1356 2388 secundum
1389 2328 1474 2404 quod
1510 2327 1669 2403 scriptum
1696 2326 1772 2387 est:

123 2422 200 2484 uret
216 2424 309 2495 vitia,
326 2424 459 2486 roboret
480 2425 712 2498 constantiam,
726 2425 846 2502 purget
863 2441 925 2503 per
978 2429 1101 2489 Ornata
1125 2428 1181 2500 fae
1202 2441 1282 2487 cnm
1308 2429 1458 2497 constan,
1489 2425 1523 2486 et
1545 2426 1626 2499 post
1643 2426 1775 2498 facturn

124 2520 334 2597 patientiam,
355 2522 500 2585 desiccet
518 2523 718 2585 removendo
738 2523 920 2600 superflua,
977 2538 1047 2586 non
1064 2524 1248 2599 poenitebis
1266 2522 1385 2602 (Eccli.
1410 2538 1520 2591 xxxn,
1542 2520 1607 2601 24).
1629 2521 1776 2584 Roboret

125 2616 293 2696 decoquat
307 2620 490 2698 etdepuret
500 2621 656 2698 puritatis
671 2621 873 2695 innocentia,
890 2622 924 2683 et
977 2639 1038 2700 per
1065 2622 1218 2700 spiritum
1246 2621 1462 2692 fortitudinis,
1493 2621 1577 2681 adeo
1603 2621 1640 2682 ut
1665 2621 1771 2681 dicat:

123 2713 301 2778 calefaciat
315 2719 430 2779 contra
445 2717 551 2794 frigus
564 2718 778 2796 protectionis
791 2719 920 2780 umbra.
977 2737 996 2781 a
1016 2721 1127 2782 Estote
1141 2719 1244 2780 fortes
1259 2719 1294 2779 in
1307 2718 1406 2791 bello,
1424 2720 1457 2780 et
1466 2721 1610 2796 pugnate
1623 2734 1698 2779 curn
1711 2734 1775 2779 an-

122 2812 185 2875 Eat
200 2830 279 2890 ergo
294 2814 383 2891 ignis
397 2815 462 2877 iste
485 2816 698 2893 septiformis,
722 2832 784 2879 nec
804 2816 924 2878 imme-
976 2819 1067 2896 tIquo
1083 2820 1246 2894 serpente,
1264 2817 1318 2879 cui
1333 2818 1432 2878 etiam
1448 2816 1593 2878 resistite
1614 2816 1715 2877 fortes
1737 2817 1777 2876 in

121 2910 203 2983 rito,
224 2912 302 2990 quia
324 2913 357 2975 et
382 2914 519 2991 spiritus
547 2914 630 2991 ipse,
658 2914 716 2992 qui
729 2914 831 2993 [ignis
859 2913 920 2988 est,
977 2916 1050 2978 fide.
1068 2934 1088 2977 s
1109 2917 1234 2992 Purgat
1252 2930 1312 2992 per
1331 2916 1484 2992 spiritum
1506 2915 1667 2986 scientiae,
1695 2914 1774 2991 quia

122 3008 327 3084 septiformis
347 3011 408 3072 θεῖ.
433 3012 473 3073 Εῖ
498 3011 630 3090 quidem
653 3009 760 3084 nobis,
789 3012 919 3085 frames,
975 3017 1067 3077 recte
1080 3014 1309 3076 conversando
1323 3013 1358 3073 in
1376 3013 1484 3073 medio
1500 3012 1646 3074 nationis
1660 3027 1776 3088 pravae

124 3106 206 3182 quia
234 3108 285 3170 θεῖ
320 3109 458 3186 spiritus
494 3109 668 3187 sapientiae
703 3109 736 3170 et
769 3108 923 3172 intellec-
976 3114 1009 3174 θῖ
1029 3127 1195 3190 perversae
1224 3110 1445 3172 discernimus
1470 3109 1620 3170 sanctum
1647 3124 1666 3168 a
1693 3124 1773 3185 pro-

122 3203 189 3276 tus,
214 3206 351 3282 spiritus
379 3207 512 3268 consilii
541 3207 575 3268 et
600 3205 817 3280 fortitudinis,
852 3208 922 3285 spi·
975 3208 1064 3282 fano,
1081 3208 1240 3269 mundum
1259 3207 1300 3268 ab
1320 3207 1500 3279 immundo,
1523 3222 1564 3268 ne
1579 3206 1772 3268 fortedica-

121 3301 210 3362 ritus
240 3303 388 3363 scientiae
411 3306 446 3363 et
472 3303 618 3379 pietatis,
652 3304 686 3365 et
719 3305 858 3382 spiritus
876 3305 923 3366 ti·
976 3323 1049 3369 mus
1071 3308 1193 3368 malum
1212 3306 1347 3378 bonum,
1368 3307 1402 3367 et
1413 3304 1534 3366 bonum
1554 3304 1688 3376 malum,
1712 3319 1773 3380 po-

120 3399 228 3460 moris
251 3399 395 3461 Domini.
428 3400 541 3476 Itaque
568 3400 657 3463 lucet
683 3418 743 3478 per
766 3402 922 3479 spiritum
975 3406 1092 3468 nentes
1107 3405 1214 3466 lucem
1228 3403 1396 3471 tenebras,
1424 3403 1455 3465 et
1477 3402 1631 3465 tenebras
1650 3403 1770 3473 lucem,

121 3496 310 3573 sapientiae,
337 3497 405 3558 urit
438 3512 497 3575 per
531 3498 683 3575 spiritum
717 3499 918 3575 intellectus,
976 3502 1158 3566 secundum
1173 3501 1260 3581 quod
1281 3501 1440 3562 Dominus
1455 3501 1522 3562 ait:
1547 3501 1667 3562 Estote
1676 3516 1772 3574 prte-

122 3592 279 3671 decoquit
293 3610 353 3670 per
367 3594 520 3671 spiritum
543 3597 689 3669 consilii,
704 3597 841 3660 roborat
862 3615 922 3676 per
975 3603 1111 3673 dentes,
1135 3600 1225 3662 stent
1251 3600 1431 3673 serpentes
1466 3597 1597 3678 (Matth.
1633 3614 1667 3671 x,
1705 3597 1769 3677 16).

121 3692 278 3768 spiritum
305 3692 520 3767 fortitudinis,
542 3695 663 3772 purgat
681 3710 742 3772 per
765 3696 921 3773 spiritum
975 3702 1076 3763 Juxta
1091 3698 1176 3776 quod
1190 3698 1290 3759 etiam
1304 3696 1469 3760 ieremias
1483 3696 1550 3757 ait:
1572 3699 1609 3757 st
1625 3711 1773 3771 separa-

122 3789 288 3861 scientiae,
322 3789 468 3853 desiccat
495 3806 554 3869 per
586 3793 740 3869 spiritum
773 3794 918 3870 pietatis,
975 3800 1070 3860 ceris
1092 3797 1287 3871 pretiosam
1314 3810 1337 3856 a
1362 3798 1432 3864 etti,
1462 3797 1562 3868 qnam
1588 3808 1627 3855 es
1655 3809 1773 3856 menne

124 3885 280 3949 ealefacit
321 3904 381 3965 per
415 3888 568 3966 spiritum
612 3890 743 3952 timoris
774 3893 917 3953 Domini.
976 3898 1047 3957 eris
1063 3893 1197 3973 (Jerem.
1214 3890 1772 3970 xv,1fl).Desiocatlrumoremri-

122 3985 228 4048 Lucet
253 4001 314 4063 per
339 3986 491 4064 spiritum
519 3989 710 4064 sapientiae,
738 3991 921 4052 secundnm
975 3994 1097 4055 tiorum
1119 3992 1308 4053 nostrorum
1340 4005 1400 4066 per
1431 3990 1584 4066 spiritum
1610 3990 1764 4087 pietatis:

123 4082 208 4161 quod
232 4083 304 4160 ipsa
323 4085 388 4147 ait:
414 4101 433 4145 a
455 4084 516 4157 Qui
538 4086 707 4148 elucidant
726 4102 789 4160 me,
818 4088 921 4151 vitam
975 4108 994 4151 a
1015 4092 1090 4150 Non
1104 4088 1193 4150 enim
1209 4087 1421 4163 exoperibus
1436 4087 1576 4164 justitiae
1597 4102 1670 4163 quae
1685 4085 1771 4147 feci-

124 4180 281 4242 aeternam
306 4181 521 4243 habebunt.»
548 4185 611 4255 Qui
634 4184 725 4244 enim
739 4184 828 4246 docti
849 4185 923 4246 fue-
975 4206 994 4248 ε
1016 4203 1088 4248 mus
1104 4202 1175 4258 nos,
1193 4185 1249 4245 sed
1265 4185 1446 4245 seeundum
1459 4200 1553 4245 suam
1575 4174 1774 4245 misericor-

122 4276 202 4352 rint,
227 4278 402 4355 fulgebunt
420 4279 507 4342 sicut
531 4279 688 4357 splendor
709 4281 919 4344 firmamenti.
976 4303 994 4346 a
1015 4286 1104 4346 diam
1120 4284 1230 4345 salros
1246 4298 1306 4343 nos
1321 4282 1399 4343 fecit
1412 4299 1430 4341 s
1445 4280 1522 4361 (Tit.
1544 4298 1593 4352 111,
1610 4280 1656 4360 5).
1674 4282 1773 4342 Gale-

121 4377 264 4453 Propter
283 4377 370 4454 quod
394 4380 427 4439 et
449 4376 599 4439 doctrina
623 4378 797 4455 sapientiae
817 4380 923 4442 lucer·
976 4382 1055 4445 facit
1073 4397 1133 4459 per
1152 4380 1305 4458 spiritum
1319 4379 1458 4449 timeris,
1477 4379 1555 4456 quia
1570 4379 1702 4439 initium
1717 4394 1775 4443 sa.-

121 4488 167 4535 ua
191 4473 322 4547 dicitur,
345 4476 441 4552 juxta
464 4474 547 4536 illud
569 4497 577 4535 ε
599 4479 759 4539 Lucerna
778 4481 922 4554 pedibas
976 4480 1110 4559 pientiae
1128 4479 1229 4541 timor
1249 4477 1391 4538 Domini.
1414 4478 1485 4538 Hoc
1504 4478 1554 4536 est
1575 4475 1670 4553 quasi
1698 4476 1773 4553 pri-

120 4575 210 4633 nrets
224 4576 368 4634 verbnm
382 4573 481 4635 tnnrn
495 4571 564 4653 (Ps.
582 4574 651 4647 118,
668 4574 753 4655 105).
976 4595 1066 4640 mum
1089 4577 1329 4646 indumentum,
1346 4573 1432 4652 quod
1448 4574 1545 4635 datur
1559 4575 1773 4636 revertentia

162 4669 204 4730 nt
222 4669 326 4731 item:
348 4673 524 4733 Habemus
539 4671 726 4734 certiorem
743 4674 923 4749 manneti—
976 4677 1103 4752 frigore
1129 4672 1359 4744 infidelitatis,
1383 4673 1481 4749 atque
1509 4672 1648 4749 peccati,
1674 4675 1773 4750 juxta

120 4782 415 4841 cttmserntonenr,
431 4771 923 4844 entbenefaetttstntendentes
977 4773 1085 4834 illud=
1104 4775 1216 4832 Deam
1237 4771 1341 4842 ttnte,
1374 4770 1408 4830 et
1433 4771 1600 4832 mandata
1622 4774 1698 4844 ejns
1715 4774 1774 4833 ob-

123 4864 290 4938 tanananr
315 4870 466 4927 tnoernce
509 4869 547 4927 tn
567 4870 752 4943 cmtptnoso
775 4873 845 4930 loco
877 4866 922 4946 (ll
976 4868 1200 4948 servaflieut.
1216 4884 1263 4941 ru,
1279 4865 1323 4946 1),
1340 4868 1477 4939 bocest,
1493 4869 1728 4931 omnishomo.

121 4959 194 5022 Pet.
219 4976 243 5034 1,
262 4960 325 5041 19).
354 4962 427 5023 Urit
452 4962 679 5039 perspiritum
711 4964 920 5027 intellectus:
963 5011 968 5022 .
1017 4971 1057 5030 Εῖ
1070 4967 1143 5028 haec
1158 4967 1208 5027 est
1223 4965 1373 5026 fortassis
1386 4965 1444 5026 illa
1462 4966 1570 5043 prima
1582 4967 1679 5039 stola,
1701 4984 1774 5044 quae

120 5073 200 5120 nam
211 5059 433 5136 perquirendo
444 5062 478 5121 et
493 5059 712 5135 intelligendo
722 5062 804 5127 vitia
812 5061 924 5137 proxi·
978 5066 1042 5128 cito
1057 5063 1224 5143 profertur
1242 5063 1311 5123 dlio
1327 5063 1465 5139 prodigo
1480 5065 1671 5125 revertenti.
1689 5066 1775 5124 Nam

121 5171 269 5229 morum,
300 5157 443 5229 urimur,
474 5157 704 5227 obsecramus,
736 5159 920 5234 arguimus,
977 5164 1011 5224 et
1028 5163 1102 5223 ideo
1128 5160 1270 5237 Spiritus
1296 5163 1437 5222 Sanctus
1463 5161 1497 5221 in
1522 5160 1645 5235 linguis
1667 5160 1775 5235 igneis

121 5253 335 5331 increpamus
356 5256 540 5331 opportune
559 5256 593 5318 et
606 5257 805 5333 importune,
822 5257 924 5333 juata
978 5261 1029 5323 est
1043 5260 1092 5320 eis
1109 5258 1249 5320 infusus.
1275 5259 1364 5334 Ignis
1379 5274 1521 5333 namque
1537 5257 1656 5318 testam
1672 5257 1775 5318 robo-

121 5351 205 5412 illud
220 5373 227 5412 :
244 5351 387 5414 «Verba
407 5352 568 5430 sapientis
583 5354 660 5415 sunt
674 5354 770 5430 quasi
783 5353 923 5426 stimuli,
977 5358 1040 5430 rat,
1061 5358 1159 5434 juxta
1177 5356 1260 5417 illud
1274 5373 1316 5416 :a
1338 5359 1425 5417 Vasa
1445 5354 1539 5429 figuli
1561 5354 1679 5431 probat
1706 5354 1776 5415 for-

121 5450 183 5512 aet
191 5451 285 5526 quasi
297 5449 424 5511 clariin
432 5451 536 5512 altum
547 5450 921 5531 defixisfflcclmndt).
978 5472 997 5515 a
1019 5454 1237 5526 nax,etviros
1249 5454 1357 5530 justos
1371 5451 1776 5513 tentatiotribulationis»

123 5548 311 5610 Secundum
327 5548 413 5627 quod
429 5549 529 5611 etiam
543 5548 687 5625 intelligi
701 5547 809 5627 potest
824 5548 921 5610 illud:
980 5551 1094 5632 (Ecoli.
1123 5566 1232 5622 xxvn,
1261 5548 1307 5628 6).
1334 5550 1464 5624 Lingua
1489 5564 1571 5610 rere
1599 5549 1775 5610 scientiam

123 5648 295 5709 Carbones
315 5648 406 5723 tants
424 5661 589 5724 conpares
604 5661 712 5723 snper
726 5646 829 5722 capnt
848 5648 924 5719 ejas
979 5650 1105 5721 edocet,
1121 5649 1217 5724 prata
1240 5645 1343 5706 illud:
1368 5662 1387 5705 a
1408 5646 1502 5707 Tibia
1529 5649 1562 5708 et
1579 5646 1775 5723 psalterium
