3936 6182
189 294 250 357 cte
821 287 996 349 IlONORll
1013 288 1059 350 111
1073 289 1223 350 OPERA.
1786 292 1852 355 580

171 422 175 433 Ι
192 457 330 521 niarium
341 451 542 532 deliquisse:
559 447 771 530 postulabant
783 464 914 528 quoque
928 464 990 511 re-
1043 464 1116 510 cem
1130 448 1458 526 circumscriptiones
1470 464 1510 513 uc
1524 448 1626 513 rerba
1641 451 1849 530 complicare

191 558 293 629 niam,
310 555 343 616 et
355 567 485 615 omnem
500 551 540 612 de
552 551 673 612 caetero
688 547 751 610 sibi
767 546 987 611 obedientiam
1042 547 1093 608 vel
1108 563 1318 627 componere,
1328 547 1679 626 quasfdlffamatorum
1689 567 1850 628 quorum-
1965 550 1966 553 ’

192 655 370 717 observare
384 651 524 713 firmiter
533 647 790 726 spoponderunt
802 646 987 724 Vixitaque
1042 646 1116 707 dem
1129 647 1317 716 criminum,
1331 647 1417 725 quod
1434 663 1540 725 nuper
1555 648 1706 722 Photius,
1721 651 1848 711 etmul-

191 750 306 815 seduto
320 747 655 827 tumultusynodalis
668 745 828 808 tractatus
843 745 879 806 in
894 746 989 807 tran-
1042 745 1076 805 to
1091 746 1169 806 ante
1183 745 1362 806 Dioscorus
1376 744 1629 824 fecitouisquis
1644 762 1725 809 vero
1748 749 1845 810 tanta

189 851 354 930 quillitate
386 847 569 926 processit:
585 843 644 906 sed
664 860 739 906 cum
764 843 895 920 tempus
916 845 987 920 jam
1037 841 1201 918 jactantia
1225 844 1259 904 et
1285 842 1426 904 audacia
1450 859 1531 904 usus
1543 843 1654 916 fuerit,
1671 846 1709 907 ut
1726 860 1850 907 secun·

189 950 332 1012 instaret
346 945 538 1010 absolvendi
551 942 726 1021 spnodum,
743 941 908 1014 Pontifex,
926 941 988 1001 ha·
1042 939 1119 1001 dum
1135 940 1289 1002 Photium
1301 941 1334 1002 et
1347 940 1553 1013 Dioscorum,
1577 940 1777 1020 inscriptis,
1788 942 1846 1005 vel

188 1047 257 1111 btto
267 1062 342 1109 cum
358 1044 491 1107 centum
505 1044 538 1105 et
553 1042 667 1104 decem
679 1040 847 1119 episcopis
860 1038 987 1101 utiliori
1042 1037 1272 1116 sinescriptis,
1290 1039 1432 1118 hurries
1450 1040 1611 1117 quasdam
1631 1041 1750 1102 contra
1776 1044 1844 1103 So·

191 1144 331 1208 consilio
364 1143 399 1205 in
430 1140 582 1203 eumdem
616 1155 747 1216 regem,
774 1137 832 1216 qui
867 1135 986 1200 Eccle-
1042 1135 1116 1198 dem
1142 1137 1284 1214 primam
1301 1140 1335 1199 S.
1359 1137 1450 1201 Petri
1471 1136 1634 1216 principis
1659 1139 1846 1217 Apostolo-

191 1241 251 1305 siae
291 1241 452 1304 unitatem
491 1237 646 1301 scindere
684 1236 882 1308 attentavit,
920 1250 986 1299 ex·
1041 1250 1116 1296 rum
1131 1237 1272 1308 moveat,
1288 1234 1452 1314 equalem
1466 1235 1665 1298 etearodem
1679 1252 1781 1314 quam
1791 1237 1844 1300 illi

190 1337 503 1403 communicationis
534 1335 736 1398 sententiam
771 1334 919 1413 protulit,
953 1334 989 1395 et
1042 1332 1350 1395 condemnationem
1371 1333 1517 1412 accipiat
1533 1331 1580 1413 (b)
1596 1334 1646 1395 :si
1664 1350 1747 1397 sero
1768 1336 1849 1414 quis

189 1455 294 1518 usque
309 1437 350 1500 ad
365 1436 566 1513 condignam
579 1432 842 1496 satisfactionem
857 1432 989 1495 senten·
1042 1430 1153 1508 aliqua
1160 1431 1219 1492 Dei
1227 1432 1391 1509 potestate
1397 1429 1569 1493 fruensvel
1579 1435 1708 1509 potens,
1716 1434 1847 1511 pellere

188 1538 269 1600 tiam
277 1530 886 1616 ipsamftrrniterobservaripraecepit.
894 1528 987 1603 Quod
1041 1530 1221 1592 tentaverit
1247 1528 1422 1615 praefatum
1443 1529 1643 1607 Apostolicae
1667 1531 1846 1593 cathedrae

189 1650 297 1713 neque
312 1631 588 1710 reprehensibile,
598 1646 660 1693 nec
674 1645 796 1691 novum
810 1626 858 1709 (1)
874 1627 916 1689 ab
928 1628 990 1689 ali·
1042 1630 1168 1705 Pupam
1189 1627 1242 1690 rel
1271 1628 1415 1689 aliorum
1437 1628 1706 1706 patriarcharum
1727 1645 1848 1707 quem

189 1746 255 1810 quo
271 1730 430 1792 aestimari
452 1726 548 1789 debet
569 1748 577 1788 ε
593 1742 669 1788 cum
686 1741 706 1788 a
729 1726 902 1787 santorum
917 1728 987 1788 Pa·-
1042 1742 1153 1802 quaem,
1169 1726 1346 1788 anathema
1360 1725 1413 1787 sit
1426 1726 1622 1789 »Praeterea
1630 1726 1846 1789 notissimum

188 1831 277 1893 trum
299 1824 527 1889 sanctionibus
538 1825 674 1886 minime
687 1824 903 1900 discreparet,
920 1824 988 1886 eta
1043 1825 1076 1885 et
1090 1823 1312 1886 indubitatum
1323 1826 1378 1885 est
1389 1825 1476 1902 quod
1498 1824 1595 1886 multi
1614 1828 1845 1889 Romanorum

188 1927 339 2007 pluribus
363 1924 523 1988 Romanis
552 1920 769 1985 Pontificibus
795 1921 859 1983 boo
878 1922 988 2000 ipsum
1044 1922 1251 1995 Pontificum,
1287 1922 1390 1984 etiam
1414 1937 1474 2000 pro
1505 1923 1692 1984 minoribus
1717 1924 1846 1995 causis,

189 2026 290 2089 etiam
300 2038 360 2102 pro
375 2021 560 2085 minoribus
580 2020 692 2083 causis
712 2018 904 2097 reperiatur
915 2018 989 2082 iac-
1044 2021 1222 2082 nonnullos
1236 2020 1454 2098 imperatores
1469 2022 1502 2083 et
1515 2036 1623 2098 reges,
1640 2023 1846 2084 nonedam·

191 2123 274 2186 tum.
1045 2118 1141 2180 modo
1159 2118 1532 2181 excommunicaverunt
1547 2118 1605 2181 sed
1623 2135 1645 2181 a
1663 2121 1849 2197 regnode-

232 2223 263 2283 o.
276 2217 583 2281 lnChalcedonensi
593 2215 897 2294 nnmqueconcilio,
907 2230 990 2293 prae·
1043 2220 1236 2295 posuerunt,
1251 2217 1328 2279 etin
1341 2232 1456 2283 eorum
1474 2217 1558 2279 locis
1580 2218 1668 2280 ulios
1680 2217 1851 2296 subroga-

193 2319 344 2382 sentibus
352 2316 521 2379 sexcentis
531 2313 582 2394 (a)
592 2313 768 2393 episcopis,
780 2314 820 2376 de
830 2314 989 2376 Dioscoro
1044 2316 1174 2377 verunt.
1190 2312 1577 2393 innocentiussiquidem
1588 2310 1845 2395 Papa'impera-

193 2414 422 2479 Alexandrino
437 2413 486 2474 sic
501 2411 645 2489 legitur:
661 2411 850 2484 «Quoniam
862 2427 923 2490 per
935 2427 992 2471 se-
1043 2414 1150 2476 torem
1167 2412 1357 2484 Arcadium,
1381 2412 1494 2490 magni
1522 2412 1703 2475 Theodosii
1726 2415 1846 2489 fllium,

193 2512 518 2577 cundumexcessum
526 2509 886 2587 prioraruiniquitatem
894 2508 990 2570 valde
1045 2527 1104 2589 pro
1113 2527 1152 2573 eo
1163 2510 1398 2588 quodioannis
1408 2511 1847 2590 Chrysostomidepositioni

191 2607 398 2673 transcendit
413 2606 686 2687 (praesumpserat
699 2605 788 2666 enim
804 2621 991 2668 excommu-
1045 2608 1207 2678 interfuit,
1239 2624 1338 2686 quam
1364 2608 1569 2686 Theophilus
1595 2610 1852 2673 Alexandrinus

194 2705 373 2770 nicationis
394 2704 593 2766 sententiam
619 2719 720 2780 supra
744 2703 991 2765 sanctissimum
1045 2722 1112 2789 una
1131 2722 1206 2768 cnm
1232 2706 1309 2767 aliis
1329 2705 1551 2768 orientalibus
1571 2707 1788 2785 patriarchis,
1806 2708 1850 2771 de

194 2809 319 2884 Papam
335 2807 478 2865 Leonem
493 2799 633 2879 dictare)
645 2801 820 2863 Anatolius
828 2802 992 2863 Constan—
1045 2820 1212 2866 consensu
1234 2804 1377 2865 aliorum
1401 2805 1651 2882 episcoporum,
1686 2806 1765 2868 sine
1778 2823 1850 2883 ,ns-

193 2902 393 2981 tinopolicus
417 2901 592 2980 episcopus
609 2899 705 2972 dixit,
734 2902 870 2977 propter
893 2898 990 2960 tidem
1045 2919 1146 2967 sensu
1160 2903 1302 2965 Romani
1317 2902 1488 2966 Pontificis
1501 2903 1700 2977 dictaverat,
1716 2920 1850 2967 excom·

151 3032 153 3037 >
194 3018 261 3063 non
276 3002 327 3064 est
342 2998 551 3062 damnandus
563 2997 820 3069 Dioscorussed
832 2997 910 3076 quia
925 3013 990 3059 ex·
1045 2999 1670 3078 municavit,eorumquedepositionem
1678 3004 1845 3077 cesserim

194 3097 528 3163 communicationem
549 3096 628 3158 fecit
648 3095 782 3158 domino
805 3094 993 3173 archiepis·
1045 3097 1241 3160 mitissimus
1251 3113 1332 3160 vero
1347 3098 1538 3176 imperator,
1558 3114 1638 3161 mox
1656 3103 1696 3162 ut
1720 3100 1847 3163 factum

194 3213 278 3276 copo
293 3195 408 3259 Leoni.
426 3212 445 3256 a
466 3192 633 3273 Numquid
648 3192 695 3254 ibi
707 3193 830 3270 legitur
849 3191 993 3271 inquisi-
1045 3196 1209 3272 cognorit,
1230 3211 1297 3257 non
1321 3194 1457 3258 rebellis
1479 3194 1601 3270 extitit,
1627 3198 1688 3259 sed
1710 3199 1845 3260 veniam

192 3297 316 3360 tionem
340 3294 460 3361 factam
480 3293 585 3354 fuisse
605 3292 716 3355 utrum
741 3293 844 3370 iuste,
867 3307 912 3353 an
937 3291 992 3353 in·
1045 3292 1216 3356 humiliter
1232 3294 1328 3372 petiit
1342 3295 1376 3357 et
1388 3295 1588 3371 impetravit.
1604 3297 1848 3359 Constantinus

189 3395 292 3474 juste,
322 3393 502 3455 Dioscorus
529 3390 835 3453 excommunicatus
855 3388 992 3451 hrissetl
1045 3408 1130 3471 papa
1141 3392 1366 3455 lastinianum
1379 3392 1625 3471 imperatorem,
1636 3394 1846 3457 (tonstantini

193 3493 268 3556 Non
283 3492 397 3571 utique
413 3511 421 3551 z
435 3488 493 3550 sed
507 3489 594 3561 ideo,
610 3488 690 3566 quie
708 3488 884 3550 comesset
899 3487 952 3549 inf
969 3518 990 3534 -
1045 3491 1151 3552 tilium
1167 3488 1226 3571 (c),
1244 3492 1378 3568 propter
1392 3506 1458 3553 non
1473 3490 1645 3553 decentem
1661 3492 1849 3569 legatorum

192 3592 263 3652 rior
272 3590 413 3651 conatus
421 3588 640 3664 estmaiorem
649 3584 991 3663 quibuslibetinjuriis
1046 3605 1182 3651 suorum
1208 3589 1471 3666 susceptionem,
1505 3590 1809 3654 excommunicavit
1836 3607 1846 3647 a

193 3687 418 3748 lacescereln
433 3686 550 3747 octava
565 3682 677 3761 itaque
687 3683 813 3760 synodo
825 3682 914 3747 inter
924 3698 993 3745 cae-
1025 3686 1319 3768 ¹quipostmodnm
1339 3686 1374 3748 in
1386 3687 1766 3766 constantinopolitane
1783 3704 1847 3750 ur-

193 3785 267 3852 tera
278 3784 326 3845 ita
338 3781 719 3857 legitur:‹1)oflnivinus
727 3781 893 3842 neminem
900 3796 993 3858 pror·
1045 3785 1095 3847 bis
1107 3786 1216 3863 platea
1231 3784 1370 3863 pedibus
1388 3787 1462 3863 ejus
1482 3801 1558 3847 cum
1572 3780 1678 3862 regno
1695 3790 1850 3864 prostra-

195 3898 254 3947 sus
268 3879 381 3942 mundi
392 3878 591 3957 portentum,
603 3893 925 3955 quemquameorum
933 3881 991 3956 qui
1044 3885 1109 3955 tus,
1123 3883 1250 3945 tamdiu
1264 3883 1359 3961 petiit
1370 3883 1502 3945 reniam
1517 3883 1623 3947 donec
1641 3885 1843 3963 impetravit

193 3975 989 4059 patriarchalibussedibuspraesuntinhonorare,
1044 3982 1241 4043 brumasius
1264 3978 1312 4061 (ct)
1334 3983 1425 4059 Papa
1437 3981 1652 4045 Anastasium
1665 3984 1849 4061 imperato·

193 4078 253 4140 aut
266 4092 286 4138 a
301 4075 435 4154 proprio
458 4074 579 4136 throno
606 4073 789 4151 expellere,
816 4074 875 4135 sed
901 4075 990 4137 omni
1045 4096 1116 4141 rem
1139 4078 1448 4151 excommunicarit,
1463 4080 1519 4157 qui
1534 4080 1694 4158 proterve
1707 4082 1848 4160 loquens

193 4175 373 4238 honoreac
387 4173 577 4235 reverentia
593 4171 712 4249 dignos
721 4171 892 4250 judicar03
908 4188 992 4251 prae·
1045 4177 1086 4239 de
1107 4180 1210 4255 Papa,
1229 4176 1265 4238 in
1285 4177 1358 4255 ipso
1373 4177 1497 4255 palatio
1512 4176 1652 4240 fulmine
1666 4192 1847 4257 percussus

193 4271 294 4351 cipue
307 4271 553 4335 sanctissimum
568 4273 693 4347 Papam
702 4269 845 4332 senioris
857 4273 989 4348 Romam
1045 4274 1182 4337 interiit.
1194 4276 1373 4353 Gregorius
1388 4277 1433 4337 111
1448 4278 1592 4339 monem
1608 4276 1846 4353 imperatorem

194 4370 252 4434 sed
267 4386 329 4433 nec
343 4369 543 4448 quicumque
554 4370 670 4431 contra
679 4371 864 4432 Romanum
875 4371 993 4433 Ponti·
1046 4389 1112 4437 non
1127 4374 1234 4435 solum
1253 4372 1541 4447 excommnicavit,
1555 4374 1612 4435 sed
1628 4372 1731 4437 etiam
1745 4391 1847 4452 reguo

230 4572 271 4646 tl)
285 4573 365 4632 cette
372 4571 558 4645 justittcutlon
578 4570 614 4627 de
630 4569 770 4629 l’autorite
793 4570 846 4629 des
864 4572 992 4631 Pontiies
1045 4576 1157 4635 subeat.
1172 4597 1183 4627 ι
1199 4576 1384 4649 ceteraque
1400 4574 1448 4635 hic
1464 4576 1634 4650 allegemur,
1649 4583 1683 4634 ut
1696 4578 1845 4651 effluentia

194 4650 224 4702 ct
236 4645 272 4701 de
286 4644 351 4700 leur
362 4642 497 4699 couduite
512 4639 702 4714 opperienti
718 4644 744 4700 lo
764 4643 885 4716 critique
901 4643 989 4703 histo·
1046 4649 1091 4706 vel
1126 4646 1306 4715 medentia,
1327 4647 1374 4703 ubi
1397 4647 1579 4706 invenientur
1591 4647 1702 4705 nescio.

196 4713 395 4787 monestede
410 4720 453 4769 cst
469 4712 535 4768 bien
548 4713 745 4784 remurquable
766 4729 834 4771 sous
849 4716 875 4771 la
895 4716 991 4789 plume
1081 4664 1125 4793 tc?
1140 4721 1181 4775 lta
1197 4725 1274 4775 recte
1286 4717 1435 4788 Nicolaus3
1447 4716 1496 4775 ubi
1511 4718 1540 4774 iu
1554 4717 1646 4777 cendi
1659 4718 1736 4776 libro
1750 4733 1848 4793 perpe

195 4786 234 4843 du
248 4798 417 4842 successeur
430 4782 598 4839 d’lnnocent
610 4785 661 4839 111.
1046 4791 1143 4847 mmm

230 4855 274 4929 (c)
292 4858 324 4912 ln
337 4854 427 4936 prima
441 4853 554 4910 actione
564 4853 992 4935 nominanturtbocirclter,nec
1046 4877 1093 4935 qur
1108 4804 1203 4918 uultus

215 4927 292 5009 tures
306 4923 410 4982 dmrrde
424 4931 467 4980 cst
483 4936 622 4995 reperire:
633 4922 729 5007 habits
737 4932 782 5010 est
793 4934 888 5011 autem
902 4943 989 5001 syno-
1046 4932 1123 4991 bunc
1140 4945 1210 4989 vero
1226 4932 1343 5013 ecimus,
1360 4944 1414 5012 ap,
1426 4931 1458 4987 71
1480 4972 1489 4997 ,
1505 4945 1520 4987 a
1540 4931 1705 4988 lastiniam)
1725 4931 1844 4990 Rhium.

213 5013 248 5056 as
268 4996 315 5079 illu
340 5009 416 5053 nuno
434 4995 550 5077 bdlpet
569 4996 700 5077 Damnata
721 4999 848 5055 broscon
873 5012 991 5083 causam
1046 5001 1416 5085 metautluonstnntmopohm
1437 5007 1645 5068 evocatumet
1662 5016 1698 5059 ee
1721 5002 1848 5075 qumbie

194 5066 378 5127 tubttttbflssi
405 5065 567 5134 Assflttllffli,
635 5073 685 5135 ΠΗ,
715 5089 726 5118 ⁸
754 5068 831 5197 Ἱυοᾱ
858 5071 992 5129 omnibus
1046 5072 1847 5145 describiturhumrbtstereceptum3cuummveroero·

1166 4790 1221 4846 itur
1236 4788 1369 4846 Iustinus
1381 4788 1546 4860 imperator,
1558 4789 1742 4847 Comtcntiui
1754 4791 1845 4862 ptine,

1214 4828 1276 4928 fuit,
1287 4859 1393 4917 nedum
1408 4866 1465 4916 tem
1506 4875 1537 4917 rc
1551 4861 1734 4918 Constantini
1745 4863 1845 4933 Pepe3

195 5146 359 5199 sanctorum
379 5135 495 5196 Petrum
521 5139 630 5210 reguis
649 5138 742 5197 extitit
778 5139 945 5210 nohedieus,
961 5149 992 5200 et
1045 5144 1167 5205 cationis
1186 5142 1271 5203 hu‘us
1299 5158 1357 5201 non
1374 5144 1459 5200 aliam
1482 5150 1562 5216 putnt
1581 5143 1672 5201 tuisne
1694 5144 1845 5215 Beronim

195 5211 279 5273 tertio
293 5210 432 5267 canonice
446 5215 564 5292 vocatus
576 5208 667 5265 noluit
679 5209 888 5283 obtemperare.
1046 5231 1132 5291 quum
1145 5237 1157 5266 r
1171 5222 1202 5273 ut
1216 5160 1281 5274 duis
1291 5221 1445 5287 poneretur
1455 5214 1659 5271 muuoversie
1668 5213 1707 5271 ob
1718 5229 1849 5273 canone

233 5283 259 5355 (b
288 5285 321 5365 ln
335 5279 560 5363 chalcedonensi
580 5295 627 5337 un.
650 5280 783 5349 870,dct.
803 5282 990 5355 10,Can.lt,
1047 5287 1083 5347 ad
1111 5286 1222 5344 uictam
1233 5292 1381 5344 etcertum
1395 5283 1537 5367 synodum
1551 5283 1790 5357 superadditos,

195 5354 238 5414 sic
317 5358 361 5410 tur
389 5367 397 5408 :
422 5353 480 5408 ‹Sr
500 5366 564 5434 quis
593 5358 671 5434 tants
694 5350 835 5435 efferatur·
853 5353 990 5425 eudocia,
1082 5303 1124 5487 (31
1143 5356 1315 5416 teuderius
1328 5356 1368 5413 ll.
1386 5357 1439 5414 lltc
1456 5355 1570 5428 scripsit
1588 5354 1706 5429 quidem
1720 5357 1847 5415 dumn-

196 5422 438 5498 quemodmodum
456 5421 615 5480 letruset
630 5423 792 5491 Dioscorus,
812 5439 874 5483 siue
887 5427 992 5499 scripto
1046 5431 1089 5490 sio
1125 5428 1278 5500 inperatori
1303 5426 1453 5500 epistolam
1479 5426 1744 5496 commonitorium,
1759 5442 1849 5499 quem

197 5498 259 5553 sire
270 5496 333 5552 sine
347 5495 464 5575 scripto,
478 5494 606 5551 insenius
620 5491 759 5564 cuiusdam
776 5500 875 5555 contre
891 5497 989 5556 cotbe·
1045 5500 1111 5559 vide
1121 5498 1196 5573 apud
1211 5498 1364 5557 barontum
1378 5512 1425 5555 an.
1437 5497 1509 5568 ter,
1523 5495 1636 5570 sed'qui
1646 5512 1714 5555 eum
1726 5512 1845 5555 excom·

197 5566 278 5623 dcam
304 5564 448 5637 corpphaer
471 5564 672 5646 Apostolorum
696 5564 772 5646 Petri
800 5565 903 5626 audeat
928 5569 989 5640 jae
1047 5571 1202 5629 municavit
1216 5568 1406 5642 Symmachus
1422 5570 1498 5641 Papa
1519 5566 1580 5635 luit,
1600 5575 1632 5625 ut
1657 5566 1749 5627 hebes
1769 5568 1849 5643 apud

200 5650 269 5702 tare,
287 5634 420 5691 cenidum
438 5641 523 5706 utque
545 5636 583 5691 rllr
608 5641 779 5693 sententiam
801 5636 992 5706 damnationis
1046 5641 1179 5702 ourndetu
1190 5641 1355 5708 baronium,
1367 5638 1403 5699 ed
1418 5655 1466 5699 on.
1480 5638 1543 5708 502,
1557 5654 1588 5698 n.
1601 5639 1647 5698 29.
