3960 6188
100 279 160 341 833

736 274 780 337 IN
803 273 928 336 COENA
949 274 1111 344 DOMINI,
1243 323 1246 329 .

1685 273 1745 334 834

141 439 222 499 Item
235 434 331 498 turba
346 435 525 513 quaerenti
552 449 627 496 cum
646 434 749 496 ramis
764 434 896 510 palma·
950 432 1098 495 lasciviis
1112 433 1146 495 et
1159 432 1352 495 erroribust
1368 422 1407 493 nt
1425 430 1512 492 sicut
1524 429 1582 492 ille
1596 429 1744 491 indomi-

101 551 174 597 rum
189 533 356 609 significat
371 533 498 605 laudes,
514 547 597 609 quas
612 531 729 593 Patres
744 531 779 591 in
791 528 896 593 reteri
950 533 1014 604 tua,
1030 531 1077 592 ita
1091 531 1233 609 populus
1256 531 1404 607 gentium
1423 544 1489 591 non
1502 528 1574 590 erat
1595 527 1745 604 subjugo

101 631 311 693 'testamento
333 631 366 691 et
388 646 475 691 novo
494 628 674 690 reddebant
698 632 776 702 Dec,
799 629 896 705 juxta
950 628 1073 691 veteris
1095 628 1149 690 vel
1171 629 1250 689 novi
1271 627 1483 689 Testamenti.
1499 628 1539 688 nt
1553 627 1637 704 quod
1660 625 1746 687 sedit

102 730 184 792 illud
194 728 367 804 Evangelii
385 729 452 789 :Et
465 730 524 801 qni
533 728 707 803 praeibant
720 727 754 788 et
768 731 826 802 ont
837 742 896 788 se-

70 881 74 888 .
102 827 295 903 querantur
319 824 512 888 *clamabant
543 820 718 886 ementes?
738 826 899 886 Benedic-

104 925 158 985 tus
165 924 324 998 quivena
334 926 370 983 tn
377 925 514 982 nmnirce
522 924 662 982 Domini
673 920 896 999 (Marc.xr,9).

103 1022 219 1083 Patres
231 1020 353 1082 veteris
363 1019 563 1080 Testamenti
574 1017 762 1080 clamabant
771 1021 837 1080 Deo
846 1017 900 1079 in-

103 1117 282 1187 cantando,
298 1117 375 1178 novi
388 1117 504 1177 Patres
519 1119 586 1177 Deo
600 1117 784 1177 incarnato.
799 1115 899 1177 Pueri

102 1216 319 1277 Hebraeorum
339 1213 394 1291 qni
409 1215 505 1274 erant
518 1213 554 1273 in
575 1213 683 1285 turba,
709 1212 900 1289 significant

103 1314 256 1373 homines
280 1310 472 1371 innocentes
497 1310 529 1372 et
555 1325 656 1387 puros
680 1309 816 1381 avitiis,
834 1308 900 1377 eta

102 1409 249 1487 peccatIs
270 1406 467 1483 mundatos3
495 1408 572 1484 quia
598 1407 694 1484 pueri
714 1406 900 1469 dicuntura

103 1505 259 1584 puritate,
276 1505 309 1566 et
322 1504 379 1566 isti
401 1504 496 1583 pueri
524 1505 660 1581 propter
677 1503 854 1581 puritatem
869 1504 902 1565 et

102 1602 338 1669 innocentiam
356 1600 547 1677 significant
571 1602 746 1680 martyres,
769 1602 826 1678 qui
842 1617 902 1677 per

102 1699 303 1778 baptismum
330 1699 363 1761 et
396 1698 667 1776 praedicationem
691 1714 766 1760 cum
791 1698 901 1776 palma

102 1797 257 1875 martyrii
272 1796 489 1858 reddiderunt
499 1796 615 1858 laudes
630 1799 709 1860 Deo.

141 1896 357 1968 Accepernnt
377 1909 497 1956 ramos
511 1900 720 1969 palmarum.
739 1893 793 1954 Illi
808 1894 900 1954 acci-

102 1992 320 2071 piuntramos
335 1992 391 2068 qui
406 1990 507 2054 rerba
533 1991 566 2052 et
591 1990 695 2052 bonas
720 1990 902 2053 sententias

101 2090 144 2151 do
158 2089 255 2151 libris
273 2089 409 2150 Patrum
430 2089 623 2165 excerpunt,
646 2103 706 2165 per
720 2104 802 2165 quas
817 2088 902 2148 sim-

101 2187 242 2264 plicium
269 2186 528 2248 christianorum
551 2184 758 2246 aedificantur
783 2183 901 2257 corda,

103 2300 145 2346 ne
170 2284 284 2345 errent
307 2284 342 2344 tn
356 2283 412 2343 via
434 2282 597 2344 ueritatis.
624 2281 684 2342 Vel
698 2281 766 2342 illae
785 2281 904 2357 palmae

101 2381 296 2458 significant
320 2379 514 2450 victoriam,
537 2393 636 2456 quam
657 2379 817 2439 Dominus
842 2378 906 2439 ha-

101 2476 187 2539 bere
200 2477 307 2539 voluit
331 2491 391 2553 per
414 2491 546 2537 crucem
570 2476 604 2536 et
627 2476 767 2537 mortem
788 2475 905 2538 contra

100 2573 274 2636 diabolum
292 2573 475 2650 principem
490 2572 616 2634 mortis.
635 2572 675 2634 Et
694 2587 808 2634 omnes
823 2589 905 2635 can-

102 2671 237 2733 tabant:
251 2674 419 2734 Hosonnc
432 2673 521 2733 Filio
533 2673 645 2750 Dante
658 2688 671 2743 ,·
686 2670 773 2748 quod
798 2670 849 2732 est
863 2670 903 2731 ad

101 2768 282 2830 dicendum
297 2789 304 2829 ε
320 2767 370 2829 Sit
383 2768 456 2829 laus
469 2767 504 2828 in
514 2766 607 2828 coelis
623 2766 663 2829 ad
676 2767 863 2829 Dominum.

143 2864 289 2928 Verbum
304 2864 391 2926 istud
403 2867 563 2927 Hosanna
578 2865 786 2943 componitur
799 2881 842 2928 ex
856 2866 905 2926 in·

103 2962 200 3038 tegre
215 2962 248 3023 et
262 2960 429 3038 corrupto.
440 2963 501 3023 Osi
511 2961 601 3022 enirn
616 2962 712 3025 sonat
721 2964 834 3034 Soleo,
850 2963 904 3024 rel

103 3060 385 3132 salvificantem
394 3059 445 3120 θεῖ
456 3058 641 3135 interjectio
651 3059 902 3122 obsecrationis.

104 3157 164 3219 nst
189 3172 268 3232 ergo
292 3159 449 3217 Hosanna
464 3157 559 3234 quasi
576 3156 633 3218 Osi
654 3160 750 3219 Anna
767 3180 774 3218 ι
792 3158 902 3229 Salva,

104 3253 256 3326 obsecro,
272 3253 367 3315 otest
383 3268 450 3313 nna
476 3253 588 3315 dictio.
603 3253 689 3315 Filio
712 3254 817 3317 David
830 3256 903 3315 Ho-

104 3366 225 3423 sanna‚
247 3350 343 3422 idest,
360 3350 464 3421 salva,
491 3349 641 3411 obsecro.
658 3350 719 3412 Vel
739 3350 817 3412 sunt
831 3351 905 3412 duae

103 3447 271 3511 dictiones
287 3468 295 3507 ι
309 3449 335 3507 O
350 3446 415 3506 Fili
430 3445 546 3515 David,
567 3448 711 3508 Osanna.
728 3448 768 3508 nt
780 3447 906 3508 clama-

104 3544 188 3606 bant
199 3544 314 3605 contra
328 3542 456 3619 ipsum:
472 3544 678 3605 Benedictus
689 3547 748 3617 ont
761 3544 856 3606 vertit
868 3547 905 3606 in

104 3643 248 3704 nornine
260 3643 409 3711 Domini,
422 3639 518 3717 quasi
533 3640 637 3702 dicat:
650 3640 712 3702 Hic
726 3641 777 3702 est
789 3640 829 3702 de
839 3658 904 3719 quo

104 3736 232 3799 dictum
247 3737 314 3798 est:
327 3737 671 3800 nominenominee
682 3741 775 3801 Dens
788 3742 904 3801 sedent

108 3836 221 3896 David
245 3835 361 3908 patris
389 3836 465 3906 ejus
492 3834 527 3894 et
553 3836 712 3911 repandit
736 3838 773 3897 tn
805 3838 903 3898 oceno

106 3932 209 3993 Jacob
230 3933 268 3991 tn
285 3931 458 3992 retentum
472 3931 565 4009 (Luc.
584 3947 608 4004 1,
622 3929 688 4011 32).
701 3932 741 3994 nt
759 3932 901 3994 iterum:
936 3968 940 3973 -

107 4026 351 4089 convertebant
364 4025 466 4089 verba
490 4026 531 4088 ad
551 4028 660 4105 ipsum
675 4029 708 4090 et
722 4028 877 4093 dicebant
893 4051 901 4090 ε

107 4126 265 4198 Hosanna
277 4125 313 4185 in
327 4124 480 4197 excelsis„
497 4125 575 4203 quia
590 4127 694 4188 Deum
703 4127 777 4189 coeli
791 4128 824 4189 et
838 4144 903 4188 an-

107 4221 257 4296 pelorum
279 4220 376 4281 illum
400 4221 635 4298 praedicabant.
652 4224 691 4284 Iit
711 4238 828 4285 versus
841 4223 903 4286 iste

105 4318 256 4395 sumptus
268 4312 320 4382 'est
329 4318 370 4379 de
385 4318 565 4380 centesimo
579 4320 613 4379 et
626 4319 765 4397 septimo
775 4319 903 4381 decimo

105 4414 244 4491 psalmo,
259 4413 472 4476 ubidicitur:
490 4416 684 4487 ODonn'ne,
702 4421 839 4478 cneum
847 4432 903 4479 nte

105 4513 206 4586 saco
225 4514 382 4583 Domine,
399 4514 481 4574 bene
500 4525 724 4587 prosperare.
741 4515 904 4575 Benedic-

107 4607 230 4683 tuscul
243 4609 337 4671 centt
345 4612 527 4670 innomine
536 4607 828 4687 Domtnt(Ps.117,
835 4609 901 4691 25).

105 4707 143 4766 In
153 4705 294 4768 Hebraeo
303 4727 310 4766 ε
319 4704 462 4767 Obsecro
477 4707 624 4779 Domine,
636 4706 740 4780 salva,
752 4706 901 4781 obsecro,

106 4800 309 4875 benedictae,
325 4802 422 4875 idest,
439 4801 603 4879 gloriosus
618 4803 674 4881 qui
694 4805 830 4867 renitet
845 4806 902 4866 in·

107 4900 263 4961 carnatus
278 4901 409 4962 estnon
429 4900 607 4961 innomine
621 4916 693 4974 suo,
705 4903 790 4963 sicut
802 4903 902 4965 Anti-

107 4996 263 5069 christus,
279 4998 378 5059 sedin
394 4997 719 5082 nominepatrissui.
731 5000 772 5061 Et
782 5000 902 5062 iterum

952 741 1052 802 super
1065 725 1203 803 pullum,
1219 724 1385 801 significat
1398 725 1485 803 quod
1500 725 1571 803 ipse
1586 724 1657 785 erat
1671 739 1746 784 ses-

952 839 1049 884 surus
1070 839 1171 900 snper
1188 821 1309 900 populo
1327 822 1403 882 isto.
1432 823 1666 883 Verumtamen
1688 820 1748 882 alii

953 919 1166 997 evangelistae
1186 919 1301 980 dicunt
1327 919 1368 980 de
1388 919 1494 991 asina,
1516 920 1550 981 et
1570 919 1610 980 de
1629 919 1746 996 pullo:

953 1032 1012 1094 per
1025 1017 1153 1077 asinam
1179 1032 1253 1094 quae
1278 1015 1351 1076 erat
1372 1015 1496 1077 domita
1519 1019 1552 1077 et
1571 1016 1749 1093 subjugata

954 1114 1137 1191 significari
1163 1129 1377 1191 synagogam,
1406 1128 1480 1190 quae
1502 1111 1611 1174 iuerat
1633 1129 1749 1190 pressa

955 1211 1115 1289 subjugo
1135 1211 1230 1288 legis.
1257 1212 1403 1288 Uterque
1424 1209 1564 1288 populus
1581 1211 1654 1271 erat
1668 1211 1748 1271 alli-

954 1310 1050 1385 gatus
1078 1310 1112 1371 et
1142 1309 1340 1370 constrictus
1371 1306 1505 1368 funibus
1538 1307 1749 1384 peccatorum

955 1422 1101 1479 suorum,
1118 1408 1151 1469 et
1162 1406 1327 1467 solutione
1341 1405 1522 1483 indigebat.
1540 1404 1604 1466 Sed
1618 1407 1751 1467 Marcus

955 1502 1135 1581 dicitquod
1159 1503 1270 1580 pullus
1294 1504 1370 1564 ante
1387 1505 1526 1580 J'anuam
1547 1502 1583 1562 in
1597 1501 1686 1564 bivio
1698 1503 1753 1564 in-

955 1601 1073 1663 ventus
1089 1600 1149 1662 est.
1165 1602 1274 1662 Janua
1291 1600 1441 1661 Christus
1465 1601 1525 1670 est,
1543 1600 1637 1660 extra
1652 1616 1752 1677 quam

956 1697 1096 1776 populus
1108 1697 1259 1774 gentium
1275 1696 1384 1758 stabat
1397 1696 1531 1770 ligatus,
1554 1712 1621 1758 non
1641 1697 1676 1756 in
1696 1697 1752 1758 via

957 1794 1045 1864 tidei,
1059 1793 1116 1854 sed
1132 1792 1167 1854 in
1180 1794 1292 1855 multIs
1306 1792 1485 1854 erroribus.

996 1893 1121 1970 Itaque,
1137 1890 1270 1963 fratres,
1296 1891 1375 1968 quia
1396 1890 1460 1951 boc
1481 1891 1531 1952 θεῖ
1551 1889 1680 1967 tempus
1696 1906 1753 1951 ac-

957 1990 1086 2067 ceptum
1109 1989 1142 2050 et
1164 1987 1382 2064 acceptabile,
1402 1987 1499 2058 idest,
1522 1988 1652 2063 tempus
1674 2002 1755 2048 nos-

956 2090 1019 2148 trae
1058 2084 1306 2163 redemptionis,
1342 2085 1439 2157 idest,
1474 2084 1694 2161 correptionis
1722 2086 1755 2147 et

958 2184 1198 2246 emendationis
1231 2184 1309 2244 vitae
1344 2184 1483 2255 nostrae,
1520 2197 1592 2251 nos,
1621 2180 1753 2254 iratres,

959 2298 1034 2343 cum
1052 2281 1173 2357 gaudio
1196 2280 1417 2368 suscipiamus
1440 2279 1570 2358 tempus
1593 2279 1694 2351 istud,
1720 2279 1757 2342 ut

959 2379 995 2440 in
1009 2378 1064 2440 die
1077 2377 1238 2455 paschali,
1263 2377 1350 2439 idest
1371 2378 1552 2439 Dominicae
1573 2380 1757 2441 Resurrec-

958 2476 1070 2547 nonis,
1092 2491 1168 2536 cum
1190 2474 1632 2553 Dominoglcriemur.1pse
1655 2473 1758 2536 iaciat

959 2573 1015 2652 qui
1035 2573 1087 2634 est
1108 2572 1300 2635 benedictus
1328 2573 1363 2634 iu
1393 2573 1516 2634 saecula
1546 2573 1754 2635 saeculorum.

958 2674 1073 2732 Amen.

1291 2918 1423 3005 XXIII

1173 3139 1220 3201 IN
1241 3138 1367 3200 COENA
1387 3138 1539 3200 DOMINI

998 3352 1166 3415 Surrexit
1178 3342 1347 3414 Dominus
1360 3366 1383 3411 a
1396 3362 1495 3413 coeno
1512 3349 1546 3412 et
1557 3351 1673 3427 posuit
1685 3365 1757 3414 oes-

960 3451 1106 3513 timente
1126 3465 1203 3523 sno,
1223 3449 1259 3511 et
1285 3463 1364 3509 cum
1387 3449 1573 3524 accepisset
1598 3450 1754 3524 linteum,

956 3547 1208 3624 pennense.
1231 3549 1362 3607 Deinde
1376 3547 1473 3608 misit
1489 3560 1618 3621 operam
1631 3550 1668 3608 tn
1682 3553 1758 3624 pet-

958 3647 1042 3717 vtm,
1064 3645 1100 3707 et
1119 3643 1219 3719 acepit
1245 3648 1365 3705 meare
1385 3645 1490 3719 pedes
1512 3645 1759 3720 discipulorum

958 3756 1113 3814 sumum
1130 3741 1164 3802 et
1177 3742 1252 3803 ott:
1272 3744 1482 3817 coemptum
1502 3744 1580 3803 decit
1598 3745 1702 3816 coin,
1719 3744 1759 3805 ut

958 3841 993 3902 et
1006 3854 1065 3900 vos
1080 3838 1242 3900 similiter
1264 3839 1403 3912 formiis
1426 3837 1536 3919 (ioan.
1551 3855 1626 3912 1111,
1645 3843 1675 3913 4,
1690 3839 1756 3920 15).

997 3937 1148 4015 Quinque
1167 3937 1203 3997 in
1216 3935 1327 3998 verbis
1341 3936 1528 4015 praepositis
1542 3936 1755 4011 adnotantur,

957 4033 1122 4105 videlicet,
1139 4046 1160 4094 a
1175 4049 1270 4094 coena
1289 4047 1436 4110 surgere,
1448 4033 1645 4096 vestimenta
1660 4033 1758 4113 depo-

958 4147 1049 4204 nere,
1072 4129 1175 4191 linteo
1194 4145 1231 4190 se
1250 4131 1466 4207 praecingere,
1491 4146 1612 4208 aquam
1630 4132 1665 4192 in
1685 4133 1759 4209 pel-

957 4229 1025 4291 rim
1053 4227 1195 4298 mittere,
1228 4226 1467 4304 discipulorum
1500 4228 1601 4304 pedes
1630 4229 1755 4290 levare.

958 4322 1110 4384 Officium
1132 4321 1219 4399 quod
1243 4321 1339 4383 nobIs
1363 4321 1527 4397 agendum
1550 4322 1699 4385 imminet
1716 4323 1757 4386 de

958 4421 1011 4482 his
1022 4418 1168 4481 breviter
1181 4419 1357 4480 dicendum
1372 4421 1495 4481 monet.
1680 4410 1683 4416 “

999 4517 1151 4580 Surrexit
1162 4517 1321 4577 Dominus
1341 4532 1363 4576 a
1375 4531 1481 4577 coena.
1496 4516 1672 4594 Triplicem
1688 4533 1758 4579 cce-

958 4628 1036 4673 nam
1052 4611 1241 4673 invenimus
1262 4611 1298 4671 in
1317 4610 1513 4687 scripturis:
1532 4611 1639 4687 prima
1659 4629 1757 4676 coena

957 4714 1011 4771 est
1023 4708 1159 4771 relectio
1183 4708 1260 4770 vitae
1280 4708 1426 4780 aetemae,
1439 4708 1595 4782 secunda,
1617 4704 1758 4775 dulcedo

958 4805 1245 4883 contemplationis
1269 4804 1412 4881 dirinae;
1427 4806 1527 4869 tertia
1550 4809 1601 4870 est
1619 4809 1755 4872 miseria

958 4903 1132 4982 praesentis
1146 4902 1234 4964 vitae.
1260 4905 1307 4964 De
1330 4903 1438 4982 prima
1457 4902 1599 4982 legimus
1611 4905 1647 4969 in
1660 4911 1754 4983 Apo-

957 5000 1109 5078 calypsi:
1136 5001 1263 5073 Venite,
1283 5005 1543 5078 conpreparntnt
1562 5006 1606 5065 ad
1619 5018 1755 5066 coertoln

106 5094 302 5171 repetebant
315 5097 458 5167 Osanna,
475 5096 572 5169 idest,
586 5096 690 5167 salva,
708 5095 856 5170 obsecro,
870 5100 905 5160 et
956 5112 1122 5176 maenam
1139 5101 1203 5159 Det
1227 5097 1341 5177 (Apcc.
1365 5115 1437 5170 xix,
1459 5097 1523 5179 17).
1544 5102 1590 5160 Ι)θ
1609 5101 1755 5170 secunda

105 5190 220 5253 dicunt
238 5191 296 5253 ubi
308 5192 424 5255 volunt
452 5193 587 5265 salvari,
614 5193 711 5266 idest,
740 5193 776 5254 in
805 5195 903 5257 altis-

106 5288 210 5361 simis,
238 5289 321 5351 etin
337 5288 536 5365 coelestibus,
550 5306 617 5354 non
631 5291 667 5352 in
681 5291 836 5353 terrenis.

145 5387 191 5447 ut
204 5387 336 5449 incenit
350 5390 452 5450 Jesns
473 5391 615 5450 asellum
635 5389 670 5450 et
693 5389 903 5464 sedttsnper

106 5496 185 5545 enne
199 5481 309 5562 (Joan.
325 5499 386 5556 111,
401 5482 558 5564 14).Quid
572 5501 632 5564 per
646 5486 771 5563 pullum
784 5489 900 5561 asina,

957 5196 1117 5259 Dominus
1131 5195 1212 5257 dicit
1222 5194 1345 5259 ibidem
1360 5218 1367 5256 ε
1388 5200 1474 5259 Doce
1494 5196 1548 5258 sto
1566 5198 1611 5257 ad
1627 5199 1755 5262 ostium

957 5291 991 5352 et
1002 5293 1112 5365 pulso,
1129 5286 1247 5367 siquis
1263 5289 1433 5366 aperuerit
1451 5288 1545 5360 mibi,
1566 5288 1696 5353 intrabo
1712 5294 1754 5354 ad

957 5404 1032 5451 eum
1047 5388 1080 5449 θῖ
1101 5386 1238 5450 coenabo
1256 5402 1331 5447 cum
1346 5400 1396 5457 eo,
1418 5385 1537 5461 etipse
1552 5401 1690 5449 mecum.
1707 5392 1754 5453 De

958 5485 1055 5549 tertia
1068 5485 1190 5562 legitur
1204 5484 1239 5547 in
1256 5483 1627 5559 Evangeliozsnrrercit
1640 5489 1755 5551 Donet·

108 5577 171 5639 nisi
188 5578 330 5658 populus
354 5581 502 5657 gentium
525 5582 582 5663 qui
603 5583 748 5647 nutritus
771 5585 844 5646 erat
866 5585 900 5647 in
956 5600 1023 5647 nus
1037 5599 1058 5647 a
1072 5598 1180 5646 coeno.
1197 5583 1283 5642 Ante
1298 5594 1426 5643 coenam
1439 5580 1615 5656 prandium
1630 5599 1753 5663 prepa-

248 5751 363 5796 simon.
384 5753 459 5797 roua
478 5741 499 5797 Ι.

1565 5732 1610 5791 al.
