3952 6188
1667 312 1727 377 722

77 316 134 385 tat
584 318 629 383 IN
651 320 857 383 hommum
878 310 1224 384 SEPTUAGESIMAE.

116 482 211 543 Hera
225 493 315 540 nonu
329 478 399 540 exii
428 478 464 540 in
479 479 670 559 Prophetis,
686 479 783 555 idest,
799 496 876 543 ma·
930 481 1009 558 quie
1033 480 1075 543 de
1095 481 1169 559 ipsa
1187 480 1365 556 33313333
1381 474 1513 553 legitur,
1540 468 1604 537 lhit
1622 486 1727 553 syna·

78 578 251 641 niiestavit
269 594 305 639 se
326 593 386 655 per
406 578 585 655 prophetas
605 595 626 640 a
643 580 792 657 tempere
815 582 879 642 Su-
930 594 1026 657 gega.
1044 579 1137 641 Unde
1152 595 1212 655 per
1224 576 1404 641 teremiam
1420 573 1598 636 Dominus:
1619 572 1726 635 Vinea

78 676 200 738 muelis
230 674 286 752 qui
315 675 413 737 unxit
439 676 543 739 barid
568 676 603 739 in
632 693 766 754 regem,
798 677 876 755 quia
929 692 1008 739 mea
1022 677 1138 748 electa,
1154 690 1216 752 epe
1232 677 1265 737 te
1282 674 1449 748 plantavi.
1466 673 1636 739 Quomodo
1648 685 1726 732 ceu

80 774 219 851 spiritus
238 775 311 834 erat
333 773 370 835 in
393 774 578 851 Prophetis,
600 790 659 852 per
677 791 775 854 quem
798 791 878 853 pre·
929 787 1032 835 versa
1062 787 1100 833 es
1129 774 1167 832 tn
1193 770 1469 867 amaritudinem<
1494 769 1576 831 attis
1603 770 1725 829 aliena

78 869 261 950 phetabant
273 871 307 932 et
320 870 546 948 predicebam
561 871 684 937 lutura.
700 874 740 935 st
754 873 877 936 dicitur
931 869 1066 948 (Jerem.
1082 883 1121 941 11,
1132 866 1204 947 21)l
1214 868 1339 929 Aeatte
1355 870 1484 942 peputt,
1500 865 1677 928 convenite
1690 864 1726 926 ct

78 969 159 1030 hora
179 983 281 1040 nona,
302 968 380 1045 quia
399 969 574 1046 Propheta
590 971 823 1047 promittebant
844 973 877 1035 et
922 968 1078 1040 micale
1095 967 1190 1031 inter
1206 980 1263 1028 aaa
1283 964 1319 1027 ct
1331 968 1471 1027 etecam
1488 979 1615 1027 eneam
1639 964 1725 1030 Quid

78 1064 314 1128 desiderabant
328 1063 488 1128 coelestia.
506 1068 597 1129 Hera
609 1068 698 1129 enim
717 1084 807 1131 nona
823 1069 875 1130 si·
928 1065 1023 1129 altra
1037 1065 1098 1128 ttbt
1110 1067 1239 1140 seems,
1252 1065 1355 1127 cinea
1378 1075 1467 1132 mea,
1482 1060 1583 1134 petat
1601 1060 1636 1121 et
1654 1072 1726 1121 nee

78 1163 355 1240 gnificariselent
368 1162 517 1226 coelestia
532 1165 667 1243 prepter
685 1182 804 1229 novem
818 1183 877 1230 er·
928 1165 1019 1238 tect?
1043 1163 1100 1243 (is.
1123 1177 1157 1235 r,
1181 1159 1238 1241 3)..
1251 1163 1319 1225 Pro
1336 1161 1368 1223 te
1394 1158 1435 1219 de
1457 1156 1568 1219 Patris
1597 1156 1725 1232 gremio

78 1261 170 1324 dines
187 1260 405 1337 Angelorum,
421 1263 455 1324 et
474 1262 523 1324 sic
540 1263 633 1336 exiit,
650 1263 746 1337 idest,
766 1265 876 1327 mani-
929 1261 1064 1324 clausus
1080 1276 1153 1323 sum
1167 1260 1202 1322 iu
1221 1258 1371 1334 Virginis
1392 1258 1498 1329 utere,
1517 1255 1559 1317 de
1577 1254 1723 1331 spatiose

78 1355 212 1421 festarit
240 1358 447 1422 voluntatem
479 1376 574 1422 suam
606 1378 667 1439 per
691 1362 877 1441 Prophetes

78 1471 180 1533 usque
195 1456 241 1517 ad
255 1457 442 1532 Apostolos.

114 1555 206 1614 Hera
227 1553 403 1616 undecima
422 1555 506 1617 exiit
519 1555 555 1617 iu
570 1556 754 1634 Apostolis,
769 1556 873 1632 idest,

77 1650 304 1712 manifestavit
315 1651 518 1715 veluntatem
532 1669 627 1715 suam
641 1666 701 1731 per
712 1655 877 1732 praediea·-

76 1747 198 1808 tienem
213 1748 460 1825 Apostolorum,
475 1750 554 1827 quia
567 1752 720 1829 Apostoli
731 1753 875 1830 dispersi

77 1844 151 1905 sunt
172 1860 235 1922 per
252 1846 357 1907 totum
376 1846 502 1920 orbem,
526 1844 612 1912 sicut
626 1851 785 1928 praecepit
796 1851 872 1913 eis:

76 1941 128 2002 lte
151 1945 189 2003 ie
226 1945 433 2005 univercum
469 1949 649 2018 mundum,
685 1949 874 2022 praetecta

76 2040 309 2115 Eeaepettam
329 2044 425 2126 emet
452 2042 636 2115 aeatww,
662 2044 874 2119 baptizantes

77 2147 132 2196 ees
150 2140 188 2197 in
210 2151 350 2203 amnone
363 2138 485 2200 Patrts
506 2140 540 2203 et
553 2144 646 2213 Ftttt,
668 2142 704 2205 et
721 2143 875 2217 Spiritus

75 2233 211 2305 Sancta
221 2237 281 2308 pet
294 2236 490 2309 crediderat,
500 2243 617 2300 salvas
632 2239 876 2313 crtt,·eeieere

75 2344 142 2390 aen
162 2332 655 2403 aconenseoaemnaoear
670 2333 790 2413 (Marc.
802 2352 872 2410 ιιι,
906 2356 907 2363 “

73 2424 139 2504 25).
170 2429 213 2487 Ε)
236 2427 309 2489 haec
332 2429 413 2489 estes
436 2428 559 2491 dicitur
580 2429 663 2493 hora
687 2432 872 2507 undecima,
906 2442 907 2445 ’

73 2524 164 2599 quia,
184 2524 222 2584 ut
236 2525 283 2585 ait
296 2526 472 2602 Apostolus
489 2547 497 2587 ε
513 2528 582 2589 Nes
596 2544 724 2602 sumus,
739 2534 776 2592 tn
790 2545 875 2606 petes
905 2596 906 2601 ,

72 2620 162 2690 fines
178 2626 385 2684 secutorum
398 2626 612 2688 1133333133)
629 2624 658 2705 (Ι
668 2628 741 2688 Ger.
757 2644 792 2701 x,
808 2627 872 2707 11).

74 2717 169 2777 Unde
188 2719 336 2781 Jeannes
353 2720 401 2781 ait
417 2721 452 2781 in
473 2722 644 2799 Epistola:
664 2725 870 2799 charissimi,

73 2819 267 2878 menecea
280 2820 368 2879 hera
381 2819 434 2881 est
449 2817 587 2898 (idean.
601 2836 638 2894 ιι,
656 2820 720 2901 18).

111 2913 153 2972 Ε)
169 2913 220 2973 sic
235 2915 333 2987 eadit,
357 2915 453 2988 idest,
470 2917 631 2981 conduxit
649 2921 820 2997 operarios
836 2921 870 2984 in

74 3009 208 3071 vineam
224 3026 328 3073 suam.
345 3014 450 3076 Vinea
464 3016 596 3077 Domini
611 3018 662 3080 est
674 3019 794 3081 Sancta
808 3022 873 3082 iic-

76 3106 177 3169 elesia
193 3106 234 3169 de
248 3125 312 3186 qua
327 3111 490 3172 diciturln
501 3113 631 3176 cantico
646 3116 867 3178 canticorum:

81 3206 185 3266 Vinea
208 3220 287 3269 mea
304 3208 424 3280 113733)
445 3208 553 3287 (Cant.
568 3227 606 3285 11,
628 3211 694 3290 13.)
711 3216 803 3274 Tunc
817 3216 870 3277 si-

77 3315 152 3374 nea,
179 3301 265 3366 idest
289 3305 410 3367 Sancta
431 3306 581 3368 Ecclesia
605 3310 711 3380 tieret,
737 3311 869 3387 quande

77 3414 131 3472 per
143 3399 255 3461 studia
269 3400 431 3462 bonerum
448 3419 586 3480 eperum
603 3405 645 3466 ad
660 3407 795 3469 aeternae
809 3424 868 3469 re-

78 3496 316 3558 munerationis
348 3497 491 3560 tractum
519 3503 696 3576 pervenire
723 3503 868 3568 testinat.

78 3592 164 3653 Tunc
183 3594 302 3666 vinea,
323 3595 420 3667 idest,
442 3597 590 3659 Ecclesia
609 3599 715 3669 tieret,
739 3604 869 3678 quande

78 3684 150 3749 beni
162 3689 229 3750 viri
245 3691 278 3752 et
291 3692 448 3755 mulieres
463 3693 589 3758 iaciunt
603 3713 703 3774 opera
715 3698 870 3763 benavi·

76 3798 134 3847 nea
145 3787 261 3864 itaque
280 3789 411 3850 Domini
426 3793 475 3852 est
490 3793 691 3856 universalis
705 3798 865 3871 Ecclesia,

78 3884 389 3963 quaeabnbeljuste
401 3890 556 3965 usquead
566 3892 718 3954 ultimum
728 3894 868 3979 electum

78 3979 130 4054 qui
143 3980 177 4042 in
192 3983 260 4044 tine
273 3983 387 4045 mundi
402 3987 591 4049 nesciturus
606 3992 666 4061 est,
683 3994 763 4068 quot
776 4008 869 4055 sane·

78 4073 124 4136 tes
141 4080 278 4155 pertulit
298 4082 394 4159 quasi
406 4083 455 4145 tet
466 4083 618 4160 palmites
633 4088 734 4151 misit.
750 4091 814 4153 Sed
831 4092 868 4153 in

79 4174 217 4247 cumbet
232 4177 332 4239 vinea
346 4178 527 4242 suntbenae
542 4182 684 4247 etmala
695 4186 792 4249 vites.
808 4191 870 4250 Be·

80 4283 125 4330 hee
139 4273 223 4336 vites
239 4276 272 4337 et
286 4277 382 4338 malae
402 4278 480 4339 sunt
492 4279 577 4355 justi
591 4281 625 4342 et
644 4281 772 4358 injusti,
791 4289 869 4348 sunt

79 4369 178 4431 saneti
192 4375 228 4435 et
239 4374 442 4449 peccatores,
456 4373 535 4437 beni
550 4378 584 4437 et
605 4378 695 4449 mali,
712 4380 868 4443 catholici

79 4464 108 4523 et
120 4463 279 4542 heretici,
296 4470 427 4548 reprobi
447 4471 480 4533 et
494 4471 602 4534 electi.
624 4475 717 4536 Boua
739 4478 817 4539 vitis
836 4478 869 4541 et

79 4573 151 4624 sera
168 4567 221 4629 est
246 4567 396 4630 Christus
411 4569 468 4646 qui
488 4570 646 4647 produxit
658 4573 780 4635 multos
795 4576 869 4652 pal-

80 4657 178 4733 mites,
201 4664 299 4733 idest,
318 4665 376 4743 qui
394 4666 552 4742 produxit
574 4669 695 4731 multos
710 4673 820 4748 justos
835 4675 869 4737 et

80 4759 214 4835 sanctes,
230 4761 316 4825 sicut
340 4764 414 4839 ipse
426 4763 512 4826 dixit
530 4764 564 4827 in
578 4768 777 4843 Evangelio:
793 4774 867 4847 Epo

79 4863 151 4915 333
173 4860 256 4923 etto
284 4874 391 4932 ecre,
421 4862 455 4923 et
481 4877 542 4926 ees
564 4866 729 4937 palmites
755 4866 865 4948 (dean.

80 4959 130 5021 ur,
146 4952 187 5031 1).

115 5049 198 5115 Vera
211 5054 290 5117 vitis
304 5054 365 5118 luit
375 5057 536 5131 Christus,
553 5058 633 5136 quia
642 5061 798 5138 produxit
811 5063 868 5126 he·

82 5155 135 5205 hes
153 5148 289 5226 tructus,
309 5154 405 5226 idest,
423 5156 479 5232 qni
502 5155 581 5218 tecit
602 5157 724 5220 bonum
739 5160 864 5234 vinum,

929 1358 1077 1437 empireo
1089 1359 1124 1419 in
1138 1357 1267 1421 carnali
1283 1354 1461 1432 ergastule,
1478 1355 1515 1416 ut
1533 1352 1571 1416 tu
1592 1351 1633 1413 de
1643 1366 1724 1415 rese

929 1457 1018 1519 lutee
1031 1457 1166 1519 tandem
1186 1454 1337 1517 nascaris
1356 1452 1451 1515 coele.
1468 1455 1533 1514 Pro
1549 1452 1581 1512 te
1598 1450 1727 1513 deres-

928 1555 1065 1621 timente
1098 1568 1264 1632 purpureo
1298 1551 1418 1629 pannis
1450 1548 1619 1611 involutus
1650 1563 1726 1609 sum

929 1652 1154 1724 mortalitatis,
1170 1653 1207 1713 ut
1230 1652 1267 1713 tu
1280 1648 1432 1711 induaris
1455 1645 1653 1709 uestimento
1666 1661 1726 1707 sa-

929 1750 1019 1812 lutis.
1041 1753 1106 1811 Pre
1124 1751 1157 1811 te
1175 1749 1274 1810 natus
1293 1748 1328 1807 in
1342 1744 1506 1821 angustiis
1526 1742 1721 1820 puerilibus,

929 1847 970 1909 de
984 1848 1118 1910 excelse
1132 1846 1217 1908 solie
1227 1845 1354 1923 positus
1364 1858 1438 1903 sum
1455 1842 1489 1903 in
1500 1838 1722 1918 praesepium

929 1945 1049 2007 lectule
1062 1945 1180 2007 floride
1194 1944 1230 2005 in
1246 1944 1334 2005 sicco
1346 1941 1446 2012 teano,
1468 1939 1506 2001 ht
1521 1939 1554 1999 te
1573 1937 1722 1999 reficiam

928 2044 1040 2104 carnis
1061 2058 1144 2105 meae
1163 2041 1297 2104 uiatico.
1314 2043 1379 2100 Pre
1395 2037 1500 2114 toqui
1518 2048 1638 2111 expers
1658 2033 1722 2095 de-

928 2140 1010 2201 ieris
1023 2154 1127 2212 eram,
1140 2136 1405 2201 circumcisionis
1415 2135 1563 2196 delerem
1578 2129 1722 2193 sustinui

928 2237 964 2301 in
977 2253 1089 2308 carne,
1106 2237 1142 2298 ut
1156 2239 1193 2297 tu
1207 2233 1457 2298 circumcidaris
1468 2232 1505 2293 in
1519 2231 1641 2292 mente.
1656 2232 1722 2289 Pro

928 2336 961 2398 te
978 2333 1048 2411 iugi
1064 2334 1292 2411 inAEgyptum
1308 2332 1349 2393 de
1372 2331 1445 2392 loce
1468 2328 1663 2390 deliciarum
1686 2326 1723 2387 in

928 2432 1050 2495 vallem
1064 2431 1298 2508 lacrymarum,
1308 2430 1346 2492 ut
1356 2428 1442 2490 tnad
1452 2426 1595 2504 patriam
1604 2424 1723 2487 redeas

929 2529 1127 2591 animarum.
1139 2532 1203 2591 Pre
1215 2528 1250 2590 te
1259 2526 1458 2591 tentationes
1469 2523 1624 2595 sustinui,
1640 2521 1722 2585 uttu

927 2626 1194 2704 suggestionibus
1210 2642 1276 2688 nen
1294 2624 1572 2687 succumbas.Pre
1591 2618 1722 2683 tevelul

928 2725 969 2785 ad
994 2725 1181 2786 columnam
1202 2724 1301 2800 ligari
1325 2724 1359 2785 et
1381 2720 1556 2798 flagellari,
1581 2720 1618 2781 ut
1642 2719 1721 2780 tua

927 2822 1244 2899 praedietisvinculis
1255 2819 1560 2899 iniquitatisvnleas
1570 2814 1718 2878 liberari.

926 2923 963 2980 In
980 2920 1135 2983 maxillas
1152 2919 1264 2997 recepi
1287 2918 1420 2996 alapas,
1437 2917 1474 2978 ut
1492 2915 1629 2977 auribus
1652 2912 1719 2976 tuis

924 3019 1090 3081 traderem
1103 3017 1351 3080 inaestimabiles
1364 3015 1573 3090 margarites.
1590 3011 1719 3074 Linitus

924 3116 1040 3193 sputis,
1070 3131 1177 3178 caesus
1203 3114 1371 3191 colaphis,
1395 3113 1432 3174 ut
1463 3109 1719 3173 circumdarerls

923 3211 1139 3274 vernantibus
1163 3213 1262 3288 atque
1290 3205 1542 3271 coruscantibus
1567 3203 1718 3281 gemmis.

924 3313 992 3385 Ege
1005 3309 1134 3385 gestavi
1149 3309 1184 3371 tu
1199 3307 1307 3384 capite
1328 3316 1494 3367 corenam.
1504 3303 1666 3380 spineam,
1683 3302 1721 3362 ut

925 3402 1098 3465 tutandam
1110 3402 1376 3463 induasauream
1387 3398 1719 3474 aureolamvitapre

923 3502 956 3564 te
980 3500 1124 3573 mertun,
1142 3500 1179 3562 ut
1191 3501 1227 3562 tu
1238 3500 1461 3571 morticinum,
1477 3503 1654 3574 recuperes
1667 3494 1721 3557 ιι)-

924 3599 1002 3660 tem.
1018 3602 1082 3661 Pre
1096 3598 1128 3660 te
1136 3599 1230 3676 Jacui
1245 3597 1279 3658 in
1292 3597 1482 3683 sepulchre,
1499 3596 1537 3657 ut
1549 3596 1586 3657 tu
1600 3594 1717 3655 sedeas

924 3697 959 3757 in
971 3697 1103 3758 excelse
1115 3697 1246 3759 threno.
1260 3695 1323 3757 Sed
1336 3693 1525 3772 prohdolor
1539 3696 1546 3753 t
1561 3694 1629 3769 Ege
1642 3707 1720 3753 con·

923 3794 1038 3870 ceptus
1052 3794 1088 3854 in
1102 3794 1251 3869 Virgine,
1267 3794 1324 3855 sed
1339 3794 1376 3855 tu
1387 3791 1572 3870 conciperis
1584 3791 1620 3852 in
1635 3789 1717 3853 libi-

923 3892 1010 3953 dine.
1028 3895 1098 3968 Ege
1115 3893 1214 3969 ragio
1236 3892 1271 3953 in
1292 3891 1448 3969 praesepii
1475 3890 1580 3961 tecue,
1604 3886 1661 3950 sed
1682 3889 1718 3948 tu

923 3991 1067 4067 quiescis
1078 3990 1113 4050 in
1132 3990 1217 4052 lecte
1230 3990 1388 4051 eburneo.
1404 3992 1472 4065 Ege
1486 3987 1622 4048 indutus
1635 4001 1720 4060 pau-

923 4087 1061 4164 pertatis
1082 4088 1208 4158 cilicie,
1223 4087 1282 4147 sed
1305 4087 1342 4148 tu
1362 4100 1520 4163 pempese
1540 4081 1668 4144 incedis
1682 4081 1718 4145 in

922 4200 1070 4261 purpura
1086 4184 1119 4244 et
1132 4183 1243 4260 bysso.

962 4284 1030 4357 ugo
1045 4281 1262 4342 circumcisus
1281 4281 1316 4341 in
1336 4295 1447 4351 carne,
1464 4279 1521 4340 sed
1536 4279 1572 4340 tu
1585 4292 1719 4354 praepn-

922 4380 1004 4440 tium
1014 4379 1124 4456 gestas
1134 4377 1170 4438 in
1180 4380 1300 4439 mente.
1311 4379 1379 4451 ugo
1391 4376 1513 4437 intrari
1524 4374 1716 4449 AEgyptum,

923 4477 980 4538 sed
1005 4478 1040 4539 tu
1064 4475 1172 4536 adhuc
1195 4474 1290 4535 sedes
1316 4488 1416 4549 super
1441 4471 1579 4533 flumina
1608 4469 1719 4546 Baby-

923 4574 1019 4635 lonis.
1045 4577 1114 4649 Ege
1134 4572 1285 4634 laboravi
1300 4570 1334 4630 in
1344 4570 1486 4647 jejunio,
1505 4568 1562 4630 sed
1579 4568 1615 4632 )ιι
1629 4582 1715 4644 epu-

922 4671 1002 4732 laris
1011 4670 1192 4747 splendide,
1202 4673 1238 4731 ut
1248 4667 1582 4746 multipliciquiescas
1592 4665 1717 4729 edulio.

922 4772 989 4845 Ege
1013 4767 1213 4831 tentationes
1235 4767 1389 4839 sustinui,
1416 4767 1473 4828 sed
1496 4767 1535 4828 )ιι
1560 4764 1716 4843 parvulos

921 4869 997 4929 tues
1008 4867 1050 4927 ad
1066 4869 1195 4943 petram
1209 4880 1276 4929 nen
1297 4866 1421 4934 nitidis,
1435 4865 1492 4927 sed
1513 4865 1633 4927 nutris.
1649 4866 1717 4939 Ege

921 4965 963 5027 ad
985 4964 1173 5029 columnam
1197 4965 1329 5041 ligatus,
1356 4964 1413 5026 sed
1436 4966 1472 5026 tu
1493 4962 1656 5025 effrenata
1674 4961 1719 5021 li-

920 5063 1048 5125 bertate
1063 5063 1197 5139 vagaris
1220 5078 1280 5139 per
1302 5079 1435 5140 campos
1457 5063 1600 5123 licentiae
1616 5062 1649 5121 et
1662 5075 1718 5119 ve·

921 5160 1164 5237 luptatis.Preh
1175 5160 1298 5237 pudori
1316 5163 1383 5237 lige
1394 5160 1501 5237 alapis
1516 5157 1715 5234 flagellatus,

82 5251 142 5301 nen
157 5251 295 5321 acetum,
317 5252 403 5313 sicut
422 5252 492 5329 ipse
507 5254 587 5316 dicit
607 5258 867 5333 perEcclesias-
921 5259 1039 5321 sedin
1063 5258 1258 5320 rubicundis
1292 5258 1431 5335 gemmis
1462 5257 1611 5317 ornatus.
1647 5254 1715 5327 Ege

81 5333 192 5405 ticum:
208 5350 281 5424 Epa
296 5352 395 5422 quaet
406 5351 488 5412 vitis
496 5353 707 5426 fructificavi
715 5358 866 5421 saevita-
920 5357 1025 5434 sputis
1038 5358 1071 5419 et
1085 5353 1235 5433 colaphis
1250 5370 1366 5427 caesus,
1381 5353 1437 5415 sed
1450 5353 1486 5413 tu
1497 5348 1718 5412 recalcitrasti

84 5431 146 5498 leto
158 5447 270 5507 ederis
285 5445 388 5526 (Eccl.
401 5463 494 5520 xxiv,
519 5449 585 5528 23).
599 5452 685 5513 Vitis
700 5454 867 5530 significat
919 5455 1145 5534 impinguatus
1159 5455 1193 5516 et
1206 5453 1374 5515 dilatatus.
1390 5452 1458 5525 Ege
1472 5446 1600 5524 gestari
1619 5458 1717 5505 cere-

83 5535 279 5615 erientiam,
306 5545 384 5621 quia
407 5546 521 5608 vinum
547 5548 676 5612 medice
699 5554 865 5631 sumptum
919 5568 997 5617 nam
1020 5554 1181 5631 spineam,
1207 5551 1264 5612 sed
1289 5552 1326 5613 tu
1349 5545 1505 5624 gloriaris
1530 5542 1716 5605 inlumina

84 5633 165 5697 acuit
182 5637 360 5716 ingenium.
378 5643 467 5707 Mala
481 5643 579 5707 vinea
599 5647 652 5710 vel
667 5649 754 5712 mala
775 5650 863 5725 vitis,
919 5667 1032 5714 aurea.
1059 5653 1126 5726 Ege
1149 5650 1298 5711 mortuus
1315 5647 1351 5707 in
1369 5645 1471 5720 ligne,
1490 5641 1548 5705 sed
1569 5642 1606 5705 tu
1629 5640 1716 5703 vivis
