3960 6188
222 274 287 337 855
688 272 865 337 HONORII
886 273 931 336 ΙΙΙ
952 271 1100 339 OPERA.
1117 309 1155 324 -
1171 272 1404 342 SERMONES.
1826 276 1885 340 855

222 428 273 496 tio
287 432 421 495 notetur
443 433 479 494 in
500 432 636 510 6611613
651 450 724 512 quae
743 435 1019 512 1111661161163-
1074 437 1139 499 tria
1164 459 1172 498 ε
1198 439 1345 500 Ρ11363
1363 435 1567 515 unguentum
1590 434 1642 498 est
1666 435 1883 514 6661116313,

222 529 420 594 1131166161.
438 533 475 592 13
490 531 658 609 pigmento
673 547 752 595 1616
770 534 864 595 36166
879 532 1019 595 humili·
1075 535 1255 596 secundum
1288 534 1534 606 misericordia,
1567 534 1707 596 tertium
1747 549 1887 611 quoque

223 628 313 700 tatis,
338 644 403 705 quo
433 627 481 688 611
511 629 648 690 suavius
671 630 861 691 hominibus
880 631 1018 692 redolet.
1074 632 1256 708 gratiarum
1286 633 1384 694 actio.
1411 632 1562 693 Ρ1116631
1589 632 1804 707 unguentum
1833 636 1885 693 est

227 725 320 787 Sicut
333 725 422 785 enim
438 725 545 787 omnis
555 742 717 802 arrogans
731 728 879 799 odiosus,
891 728 939 790 113
949 744 1022 789 om·
1074 729 1295 805 purgativum,
1312 729 1495 791 secundum
1508 728 1795 803 refrigerativam,
1812 730 1884 788 ter-

224 822 279 884 316
292 822 429 884 humilis
444 813 609 885 amabilis.
1073 822 1157 886 tium
1183 825 1380 887 63331163.
1410 827 1497 887 Ν33
1525 826 1721 902 6633116113
1745 828 1884 902 purgat,

264 921 340 981 Istae
355 922 422 982 tres
444 923 567 982 sanctae
586 921 846 1000 mulieresque
867 924 1021 984 emerunt
1074 922 1303 983 misericordia
1342 922 1535 997 refrigerat,
1569 923 1756 998 gratiarum
1793 920 1883 983 36116

224 1018 386 1090 aromata,
417 1019 453 1079 61
478 1020 718 1095 eumpositum
744 1020 778 1080 iu
807 1022 1020 1082 monumento
1075 1019 1182 1079 sanat.
1192 1019 1340 1078 Primum
1351 1018 1556 1093 unguentum
1566 1020 1618 1079 est
1628 1014 1880 1094 incipientium,

224 1115 810 1193 336616313116611116633616116
826 1114 1021 1189 noblsreli-
1074 1114 1256 1176 secundum
1291 1115 1545 1193 proficientium,
1579 1115 1717 1176 tertium
1748 1115 1882 1191 661166-

225 1213 724 1288 6661331131163163.11166
748 1215 836 1277 enim
860 1215 966 1291 gesta,
985 1216 1022 1277 ut
1074 1212 1195 1274 torum.
1224 1212 1372 1273 Primum
1401 1212 1575 1274 coniicitur
1598 1211 1640 1272 de
1669 1211 1825 1291 pluribus
1847 1213 1883 1273 61

225 1309 274 1370 311
286 1308 402 1371 beatus
418 1312 608 1385 Gregorius,
643 1311 767 1390 aliquid
782 1313 818 1372 in
832 1313 946 1373 633613
958 1314 1022 1373 Ec·
1074 1308 1197 1370 vilibus
1220 1308 1343 1382 herbis,
1369 1310 1403 1371 et
1423 1308 1546 1371 talibus
1572 1324 1647 1386 quae
1672 1308 1773 1370 lacile
1789 1324 1885 1370 eom-

225 1405 327 1466 clesia
343 1407 508 1482 significat
519 1409 712 1483 gerendum.
728 1426 747 1469 s
761 1410 871 1470 111366
885 1425 975 1485 erge,
992 1408 1021 1468 si
1075 1407 1246 1482 parantur,
1261 1404 1356 1478 idest,
1373 1406 1519 1467 devitiis
1540 1407 1574 1468 et
1585 1406 1744 1483 peccatis,
1761 1404 1883 1482 quibus

225 1501 393 1564 Christum
421 1504 598 1575 mortuum,
631 1505 728 1578 idest,
762 1505 859 1566 iidem
898 1505 1021 1567 Christi
1075 1501 1882 1580 163663611616161161.866631631116611116

224 1600 389 1662 mortuam
414 1600 450 1662 13
474 1602 573 1663 66116
595 1603 780 1681 cujuspiam
804 1603 1019 1674 senserimus,
1075 1598 1258 1676 speciebus,
1275 1599 1441 1677 61661616
1456 1599 1553 1660 bonis
1576 1599 1677 1661 rebus
1694 1599 1735 1661 'et
1751 1598 1879 1660 1111116

225 1695 334 1757 13313
362 1696 458 1759 nobis
485 1700 535 1760 est
561 1714 673 1775 66613,
700 1701 738 1761 61
764 1699 805 1761 ad
832 1699 1021 1776 ungendum
1075 1696 1209 1757 nostris.
1226 1697 1373 1758 Tertium
1392 1696 1429 1759 tlt
1447 1697 1488 1758 de
1509 1696 1694 1758 carissimis
1715 1696 1881 1756 6163311-

224 1796 391 1854 3611163
410 1810 485 1854 663
512 1795 715 1857 aromatibus
737 1796 945 1859 accedamus.
968 1797 1023 1857 si·
1074 1790 1147 1862 bus,
1170 1793 1266 1865 idest,
1288 1793 1328 1855 de
1349 1793 1527 1855 virtutibus
1547 1792 1692 1855 ethonis
1709 1791 1879 1870 operibus.

224 1888 385 1965 gnitleant
399 1892 486 1952 enim
499 1894 567 1953 tres
582 1892 648 1954 11136
664 1893 819 1954 36113166
833 1893 1023 1955 11661336-
1058 1944 1062 1949 .
1076 1892 1123 1951 De
1136 1890 1208 1951 illis'
1218 1891 1343 1967 gratias
1358 1891 1457 1952 homo
1472 1890 1569 1952 dehet
1582 1906 1685 1967 agere
1696 1892 1783 1950 Deo.

224 1984 277 2046 bis
304 1986 518 2060 efficientias,
549 2005 624 2067 quae
655 1990 782 2052 scilicet
811 2005 886 2051 cum
913 1990 1022 2066 gratia
1116 1988 1263 2049 Primum
1273 1990 1479 2063 unguentum
1489 1988 1525 2049 iu
1536 1988 1770 2064 poenitentiam
1783 1985 1883 2047 offert

226 2084 406 2160 operantur
424 2086 584 2147 aromata.
608 2089 687 2159 Quae
709 2088 786 2149 sunt
808 2087 900 2148 illaei
914 2088 1020 2159 Meus,
1076 2086 1184 2147 Maria
1204 2084 1402 2161 Magdalena
1421 2101 1591 2162 perquam
1606 2084 1689 2145 fides
1703 2082 1881 2159 significa-

225 2196 355 2254 manus,
383 2182 509 2258 lingua.
529 2184 644 2245 Omnis
666 2184 754 2245 enim
779 2185 836 2262 qui
861 2185 940 2246 emit
958 2185 1024 2246 ali·
1077 2184 1141 2245 tur.
1153 2184 1239 2243 Nam
1249 2183 1326 2259 quia
1341 2182 1441 2243 homo
1451 2182 1706 2243 616111361133
1720 2182 1882 2242 aeternam

227 2277 318 2355 quid,
333 2278 389 2341 dat
401 2281 434 2341 et
446 2280 578 2358 accipit,
599 2281 632 2343 et
657 2281 743 2359 quod
768 2282 825 2344 dat
839 2282 963 2359 perdet,
987 2283 1024 2342 ut
1078 2282 1112 2342 et
1134 2295 1248 2356 poenas
1263 2278 1387 2340 interni
1402 2279 1577 2340 imminere
1599 2277 1838 2355 peccatoribus
1852 2278 1883 2337 et

225 2375 399 2451 possideat
426 2377 512 2454 quod
538 2377 669 2456 accipit.
706 2381 769 2440 Dat
799 2380 903 2455 igitur
930 2395 1023 2440 mens
1076 2375 1377 2454 impoenitentibus,
1406 2376 1638 2437 remissionem
1666 2376 1883 2451 peccatorum

226 2487 398 2534 nummum
418 2475 561 2551 propriae
580 2476 771 2548 voluntatis,
798 2477 832 2538 et
854 2478 1024 2553 comparat
1077 2476 1110 2536 et
1119 2473 1368 2550 insupervitam
1378 2474 1536 2535 aeternam
1547 2473 1620 2534 1311
1631 2471 1882 2548 paenitentibus,

226 2569 381 2631 effectum
395 2572 645 2648 compassionis,
661 2574 768 2634 zelum
786 2574 938 2651 justitiae,
954 2573 1025 2634 dis-
1077 2571 1148 2647 agit
1167 2570 1208 2631 de
1231 2570 1376 2647 peccatis
1400 2571 1471 2631 suis
1489 2570 1733 2647 6331161133.
1756 2571 1884 2629 Secun-

226 2666 407 2727 cretionem
418 2669 561 2730 consilii.
571 2671 758 2732 Dalmanus
768 2687 938 2731 nummum
949 2669 1025 2731 obe·
1077 2668 1154 2728 dum
1169 2669 1386 2742 unguentum,
1406 2666 1503 2738 idest,
1524 2665 1802 2737 misericordiam,
1827 2664 1881 2726 ol-

226 2758 372 2834 dientiae,
397 2763 430 2824 et
446 2765 526 2826 emit
543 2766 579 2825 in
597 2782 699 2828 carne
717 2768 964 2839 66111311133,
987 2766 1022 2827 16
1077 2764 1140 2826 1611
1164 2764 1271 2825 Maria
1294 2763 1421 2836 Jacobi,
1441 2779 1502 2841 per
1522 2779 1620 2841 quam
1647 2779 1724 2839 spes
1751 2762 1880 2823 intelli-

227 2857 443 2920 trihulatioue
462 2861 665 2936 patientiam,
690 2862 725 2923 in
745 2879 845 2940 opere
864 2878 1023 2939 6616616-
1077 2862 1177 2937 gitur.
1198 2862 1283 2922 Nam
1298 2861 1397 2922 homo
1417 2859 1492 2922 ideo
1514 2861 1781 2921 misericordiam
1802 2859 1882 2919 iacit

226 2955 382 3017 rentiam.
400 2958 463 3019 Dat
481 2958 594 3035 lingua
607 2974 777 3020 nummum
789 2958 1021 3031 confessionis,
1077 2957 1217 3031 homini,
1233 2957 1312 3035 quia
1335 2958 1598 3019 misericordiam
1613 2956 1688 3018 fieri
1710 2956 1776 3017 sibi
1799 2972 1879 3032 spe-

227 3053 261 3114 31
274 3053 396 3129 3661611
418 3054 580 3116 3616133
599 3056 635 3115 11
657 3056 876 3132 correptione,
893 3057 1022 3133 copiam
1077 3055 1129 3116 rat
1150 3070 1170 3115 a
1194 3055 1344 3127 Domino,
1366 3053 1497 3117 dicente
1525 3055 1598 3131 ipso
1620 3075 1628 3114 :
1650 3055 1755 3115 Beati
1772 3058 1880 3114 mise-

225 3148 262 3211 in
296 3150 538 3224 exhortatione,
575 3152 787 3215 efficientiam
821 3154 1025 3231 11661663-
1077 3154 1243 3223 ricordcs,
1259 3155 1421 3225 quoniam
1431 3155 1499 3226 ipsi
1509 3154 1789 3213 misericordiam
1800 3165 1878 3210 663-

190 3303 191 3308 ,
228 3247 333 3310 61636.
1077 3249 1266 3323 sequentur
1288 3247 1419 3327 (Matth.
1439 3265 1471 3310 1.
1491 3246 1538 3327 7).
1557 3248 1706 3310 Tertium
1720 3262 1878 3323 unguen-

266 3344 401 3407 Talibus
429 3349 606 3424 unguentis
641 3348 833 3427 compositis
868 3348 946 3410 dum
982 3347 1021 3409 ad
1077 3346 1158 3413 tum,
1170 3345 1266 3414 idest,
1275 3345 1459 3421 gratiarum
1471 3345 1636 3406 actionem
1653 3344 1754 3405 offert
1768 3343 1876 3404 Maria

225 3446 475 3507 monumentum
494 3447 594 3507 simul
617 3446 767 3518 veniunt,
791 3446 1025 3524 colloquuntur
1079 3442 1231 3512 salome,
1257 3458 1318 3519 per
1338 3457 1435 3519 quam
1462 3441 1608 3504 charitas
1646 3440 1876 3516 significatur,

226 3539 290 3601 sibi
304 3541 447 3604 1311663
462 3543 495 3605 61
509 3543 622 3606 116331
639 3546 741 3610 :oete
755 3545 909 3606 revolvet
927 3546 1024 3606 66116
1078 3540 1235 3617 quoniam
1274 3555 1318 3600 ex
1353 3555 1417 3616 quo
1451 3538 1550 3599 homo
1588 3537 1734 3615 perfecte
1768 3536 1882 3613 diligit

224 3641 372 3711 lapidem
383 3644 425 3701 ab
440 3641 526 3702 66116
534 3642 750 3703 monumenti
761 3640 878 3720 (Marc.
890 3656 959 3712 rvr,
971 3638 1024 3720 3)i
1078 3639 1192 3709 Deum,
1209 3635 1354 3697 abstinet
1368 3651 1403 3696 66
1419 3635 1460 3697 ab
1475 3635 1566 3697 omni
1580 3635 1679 3705 malo,
1696 3635 1729 3695 et
1742 3635 1883 3695 exercet

225 3734 326 3809 Lapis
341 3734 405 3796 iste
419 3737 470 3798 est
483 3737 536 3797 161
556 3738 660 3798 31313
678 3737 833 3806 tristitia,
846 3737 899 3799 161
914 3737 1023 3814 pigri·
1079 3751 1115 3795 se
1138 3735 1173 3794 in
1197 3734 1288 3795 3331
1310 3749 1410 3810 66616
1432 3733 1530 3805 bono,
1551 3733 1638 3793 6316
1657 3731 1783 3807 gratias
1809 3732 1883 3807 agit

224 3827 284 3898 tia,
310 3829 363 3891 vel
390 3831 524 3903 duritia,
548 3849 634 3910 quae,
664 3832 741 3893 dum
765 3833 874 3894 cordis
898 3833 1024 3894 aditum
1078 3834 1157 3893 Deo.
1171 3830 1323 3893 Praelatis
1342 3830 1444 3906 igitur
1462 3829 1570 3890 tribus
1586 3828 1765 3905 unguentis
1779 3824 1882 3888 1616-

226 3926 411 4000 obstruunt,
434 3927 559 3990 lrustra
585 3929 625 3990 31
641 3929 831 4005 ungendum
858 3930 1023 3991 3611333
1078 3930 1194 3999 163166,
1210 3928 1331 3989 iratres
1344 3927 1545 3999 charissimi,
1560 3926 1657 3994 idest,
1673 3925 1878 4002 poeniteutia,

226 4039 320 4086 mens
334 4026 388 4087 vel
403 4042 521 4088 manus
533 4026 586 4088 161
597 4028 711 4103 lingua
726 4043 800 4089 cum
824 4026 1025 4105 quibuslibet
1078 4024 1308 4086 misericordia
1330 4024 1363 4085 et
1385 4024 1569 4098 gratiarum
1599 4023 1732 4084 actione
1755 4022 1798 4082 ad
1822 4037 1880 4082 se-

226 4122 430 4184 aromatibus
453 4125 556 4186 16311.
584 4123 647 4185 Sed
679 4125 835 4201 quoniam
865 4125 1023 4201 scriptum
1078 4121 1264 4198 pulchrum,
1280 4122 1316 4181 in
1330 4136 1395 4198 quo
1410 4136 1530 4197 corpus
1545 4119 1671 4180 Christi
1684 4118 1881 4180 collocatum

225 4220 296 4279 est:
320 4223 625 4294 praeparationem
654 4224 768 4283 661116
793 4225 869 4294 ejus
891 4223 1024 4283 66611611
1078 4218 1151 4287 fuit,
1170 4219 1203 4280 et
1223 4217 1280 4279 ubi
1294 4217 1527 4280 resuscitatum
1548 4214 1647 4277 nobis
1667 4216 1879 4278 demonstra-

128 4401 131 4407 *
225 4318 395 4380 66116166
410 4316 542 4398 (Ρ6.10,
560 4316 624 4397 17),
640 4319 755 4381 111611
766 4318 910 4395 lapidem
925 4334 1025 4379 revo-
1078 4314 1177 4388 bitur,
1191 4316 1306 4377 163116
1321 4314 1458 4377 debetis.

225 4412 342 4484 lutum,
367 4416 493 4479 intrant
519 4417 554 4477 13
580 4416 839 4487 3616363163,
869 4416 902 4477 61
926 4431 1023 4493 quem
1119 4413 1336 4491 Sepulchrum
1360 4411 1484 4473 Christi
1506 4413 1559 4474 est
1582 4410 1665 4472 ordo
1691 4411 1880 4472 sanctorum

226 4527 351 4587 ungere
375 4515 540 4575 3611633
563 4513 729 4586 volebant,
755 4512 896 4574 audiunt
916 4512 1026 4573 susci-
1078 4510 1343 4587 praedicatorum,
1368 4510 1409 4570 de
1434 4525 1499 4587 quo
1522 4508 1708 4586 procedens
1733 4509 1768 4569 et
1790 4506 1880 4584 quasi

224 4607 341 4670 tatum.
367 4610 446 4681 Quis
469 4610 532 4672 hoc
558 4610 693 4679 indicat,
717 4610 791 4687 quis
816 4609 880 4671 hoc
907 4609 1026 4685 praedi-
1078 4608 1118 4670 de
1139 4607 1316 4685 sepulchro
1338 4622 1527 4681 resurgens,
1548 4606 1583 4666 13
1603 4605 1775 4666 mentibus
1797 4604 1878 4665 fide·

226 4705 302 4764 cati
329 4706 474 4780 Angelus
496 4707 609 4784 utique
639 4708 733 4769 testis
756 4705 1021 4767 resurrectionis.
1078 4706 1160 4766 lium
1175 4705 1321 4783 quotidie
1340 4703 1529 4765 innovatur.
1552 4706 1591 4764 In
1615 4702 1681 4763 hoc
1703 4702 1879 4779 sepulchro

225 4799 365 4861 Videtur
394 4803 481 4862 enim
509 4802 700 4880 hujusmodi
726 4803 762 4864 13
787 4819 852 4880 quo
872 4803 1023 4864 Christus
1078 4801 1255 4864 invenietis
1276 4801 1431 4877 angelum
1451 4799 1595 4871 homini,
1617 4799 1809 4861 doctrinam
1826 4798 1879 4860 11-

226 4897 1026 4982 1663116111,1611661361161613666616616666-
1078 4900 1198 4961 delicet
1226 4899 1315 4961 sacri
1343 4898 1483 4975 eloquii,
1517 4913 1591 4975 quae
1623 4896 1722 4958 vobis
1754 4896 1882 4957 nuntiat

225 4992 302 5065 tior,
328 5008 436 5054 sermo
458 4995 582 5070 purior,
608 4995 756 5057 incessus
777 4997 966 5070 modestior,
992 4999 1025 5059 et
1078 4997 1244 5058 Christum
1258 4993 1883 5065 161361161166611611666,611311611·

226 5089 267 5151 ed
297 5106 394 5152 omne
417 5106 499 5167 opus
518 5091 640 5152 honum
670 5093 807 5169 spiritus
830 5094 1022 5171 promptior.
1078 5095 1185 5166 laeam,
1209 5093 1305 5165 idest,
1331 5093 1366 5153 in
1391 5093 1727 5168 transmigrationem
1741 5107 1833 5153 16136
1854 5093 1884 5153 61

228 5190 307 5259 Quae
322 5189 433 5249 63113
457 5188 534 5265 quid
557 5189 647 5249 aliud
663 5191 740 5252 sunt
756 5207 855 5268 quam
876 5192 912 5251 in
933 5193 1024 5253 terra
1078 5190 1356 5254 incommutabilis
1364 5188 1647 5252 beatitudinisros
1655 5190 1882 5265 praecessisse,

226 5285 481 5346 resurrectionis
496 5285 613 5346 hilaris
625 5287 783 5348 3631661
1079 5289 1135 5350 ubi
1152 5288 1193 5349 ad
1208 5288 1378 5349 dexteram
1394 5287 1454 5347 Dei
1469 5286 1562 5348 sedet
1582 5286 1618 5346 13
1637 5285 1750 5362 gloria
1764 5287 1881 5347 Patris.

266 5381 393 5443 Aliter:
410 5382 623 5445 lstaesanctee
637 5384 793 5445 mulieres
809 5386 1025 5461 portaverunt
1079 5390 1117 5448 In
1141 5385 1268 5448 Galilea
1283 5400 1362 5460 ergo
1377 5384 1510 5446 Christo
1532 5383 1711 5456 occurrite,
1734 5384 1833 5457 idest,
1851 5384 1883 5443 in
1976 5376 1977 5451 .

228 5480 412 5551 unguenta,
442 5482 478 5540 ut
506 5482 669 5557 ungerent
695 5483 819 5543 iesum.
850 5484 1024 5559 Unguenta
1079 5482 1382 5559 transmigratione,
1400 5481 1441 5543 ad
1457 5480 1579 5542 bonum
1601 5480 1642 5541 de
1662 5481 1757 5543 malo
1772 5484 1883 5543 trans·
1976 5484 1977 5559 ,

230 5585 309 5645 6166
322 5575 440 5650 quibus
453 5593 577 5654 ungere
587 5579 753 5641 Christum
769 5579 936 5654 debemus,
949 5582 1024 5642 6631
1079 5581 1271 5658 migrantes,
1287 5580 1319 5643 et
1331 5579 1372 5642 de
1386 5579 1477 5642 vitiis
1491 5579 1533 5640 ad
1550 5577 1707 5652 11113166,
1721 5579 1757 5641 61
1771 5578 1883 5641 dehoc
