3936 6182
229 199 290 261 627
697 196 874 261 HONORII
895 199 942 260 ΙΙΙ
963 199 1112 262 OPERA.
1129 227 1167 242 -
1184 198 1417 261 SERMONES.
1824 204 1881 265 628

232 357 326 422 Unde
336 357 368 422 el
381 356 513 427 dicitur,
523 356 610 436 quod
620 357 735 421 redeat
744 358 786 421 ad
797 359 908 437 priora
916 374 1028 437 opera,
1084 374 1170 421 mur.
1190 359 1274 432 Quia
1298 360 1354 438 qui
1377 361 1538 422 venturus
1558 360 1610 422 est
1631 361 1749 424 veniet
1763 365 1798 424 et
1818 380 1879 427 non

232 458 265 520 et
279 459 356 533 agat
372 457 614 535 poenitentiam.
636 457 695 519 Sin
715 458 826 520 autem
840 457 953 519 veniet
966 461 1032 519 Do-
1084 456 1270 519 tardabit.»

231 556 342 617 minus
354 556 396 616 ad
408 554 623 633 puniendum,
636 556 670 617 et
683 555 828 618 movebit
842 571 901 634 per
915 571 1031 632 poenas
1125 556 1273 627 Quatuor
1291 556 1397 618 modis
1416 557 1576 619 Dominus
1595 557 1699 619 venit
1723 558 1837 621 Primo
1849 564 1880 623 et

232 654 266 715 et
287 652 519 715 tribulationes
538 653 784 726 candelabrum,
805 654 901 725 idest,
918 654 1030 714 eccle·
1086 653 1202 715 ultimo
1221 653 1312 715 venit
1326 654 1428 715 semel
1450 675 1458 714 :
1480 654 1626 717 secundo
1645 656 1680 717 et
1693 653 1804 733 tiemo
1821 673 1878 719 ve·

231 751 316 812 siam
331 767 425 812 suam
448 768 546 830 quam
567 752 701 814 cederat
721 752 753 813 ei
773 751 963 827 regendam,
977 750 1030 814 vel
1086 748 1135 809 nit
1155 764 1254 825 saepe.
1277 749 1389 810 Primo
1410 750 1556 812 venitin
1580 750 1743 811 mundum
1764 751 1807 811 ad
1830 769 1879 813 re-

230 849 413 925 petentiam
437 849 508 911 sive
526 850 722 925 dignitatem
743 849 784 910 de
803 848 877 911 loco
895 864 967 920 suo,
989 864 1030 909 ne
1085 846 1317 924 demptionem.
1334 847 1457 909 Ultimo
1471 847 1584 909 veniet
1602 848 1638 909 in
1652 848 1821 925 judicium
1840 851 1876 912 ad

230 947 373 1023 amplius
391 946 513 1010 habeat
526 947 670 1027 quietem
691 947 727 1007 in
748 946 940 1009 honoravel
957 946 1032 1021 dig·
1084 944 1347 1007 retributionem.
1375 944 1526 1007 Secundo
1554 947 1647 1008 venit
1675 947 1711 1007 in
1740 949 1877 1009 mentem

230 1043 335 1106 nitate
347 1045 380 1106 et
391 1045 539 1122 potentia
551 1061 622 1106 sua.
641 1046 681 1107 Et
693 1044 778 1118 ideo,
794 1043 972 1116 carissimi,
988 1059 1030 1104 ne
1085 1041 1127 1103 ad
1149 1042 1458 1105 sanctificationem.
1485 1044 1597 1105 Tertio
1624 1044 1719 1106 venit
1743 1044 1781 1105 in
1806 1061 1876 1106 car-

230 1142 390 1203 Dominus
405 1142 489 1204 adeo
504 1142 585 1204 dure
600 1144 716 1220 puniat
734 1144 768 1204 et
781 1141 951 1219 perturbet
968 1156 1030 1202 nos
1084 1155 1161 1201 nem
1185 1140 1227 1201 ad
1251 1139 1514 1203 dissolutionem.
1540 1144 1589 1203 De
1612 1143 1721 1221 primo
1744 1163 1752 1202 :
1777 1146 1876 1206 Extat

232 1239 267 1300 in
281 1241 389 1316 poenis
410 1239 510 1318 hujus
533 1240 658 1313 saeculi,
673 1257 746 1318 quae
761 1240 874 1302 forsan
896 1239 1031 1317 possent
1084 1253 1107 1299 α
1126 1239 1247 1311 Patre,
1271 1241 1306 1299 et
1323 1243 1404 1301 versi
1424 1243 1462 1300 in
1481 1243 1650 1301 mucidum
1671 1239 1787 1319 (ioan.
1811 1256 1874 1311 xvi,

231 1352 305 1399 esse
325 1337 493 1400 incohatio
515 1354 622 1415 poenae
644 1341 788 1411 aeternae,
811 1338 899 1415 agite
923 1337 1031 1415 poeni·
1083 1337 1149 1415 28).
1173 1338 1220 1397 De
1243 1335 1384 1398 ultimo:
1411 1339 1571 1399 thcdiiis
1588 1341 1719 1400 Filium
1734 1342 1877 1400 immota

231 1435 380 1508 tentiam,
404 1436 437 1498 et
458 1436 586 1498 reddite
601 1436 642 1498 ad
658 1452 759 1514 opera
774 1439 846 1514 jam
865 1435 1030 1514 promissa
1084 1435 1280 1496 venientem
1309 1438 1347 1497 in
1379 1438 1523 1497 racidibus
1554 1439 1631 1498 coeli
1659 1452 1744 1498 cum
1769 1437 1878 1510 potes

230 1531 266 1593 in
292 1532 455 1611 baptismo
479 1534 532 1595 vel
556 1534 836 1596 inordinatione.
864 1534 947 1605 Quia
973 1532 1031 1610 qui
1085 1532 1156 1593 iaie
1178 1547 1307 1609 maana
1329 1534 1364 1595 ci
1387 1534 1571 1606 majestate
1594 1531 1689 1612 (Luc.
1715 1549 1796 1604 nr,
1815 1534 1874 1612 27).

230 1630 390 1692 venturus
405 1631 456 1694 est
467 1632 578 1695 veniet
594 1633 627 1694 et
642 1648 709 1693 non
722 1630 866 1693 tardabit
883 1630 924 1692 ad
938 1630 1030 1691 inlli-
1084 1632 1131 1691 De
1146 1630 1292 1692 secundo
1310 1647 1317 1686 :
1333 1634 1386 1692 Ad
1404 1646 1484 1693 cum
1504 1635 1701 1704 ocumanius,
1725 1633 1765 1693 ct
1785 1646 1876 1693 mon-

230 1728 373 1803 gendnnr
393 1728 500 1802 vohis,
516 1729 658 1802 dolores,
678 1729 901 1815 infirmitates,
917 1744 1029 1790 rerum
1083 1731 1215 1789 sionem
1225 1731 1407 1804 apudcum
1417 1732 1585 1802 sociemus
1601 1728 1713 1808 (ioan.
1727 1744 1804 1802 xrs,
1817 1728 1872 1809 23).

229 1824 463 1902 temporalium
484 1826 692 1898 amissiones,
714 1826 805 1904 puta,
826 1826 969 1888 liliorum
997 1826 1029 1886 et
1084 1827 1130 1887 De
1150 1826 1272 1887 tertio:
1292 1830 1377 1889 Cum
1397 1829 1514 1888 vestiet
1535 1827 1570 1888 ct
1586 1828 1788 1902 panacem
1804 1842 1875 1888 con-

231 1922 374 1984 aliorum
387 1924 579 1986 amicorum.
597 1926 667 1998 Quo
682 1940 774 1997 casu,
791 1924 827 1985 ut
838 1923 946 1996 modo,
962 1939 1028 1985 non
1082 1925 1199 1997 fcsiim
1222 1926 1380 1999 aperient
1403 1928 1435 1986 ci
1462 1923 1563 2004 (Luc.
1588 1941 1655 1996 111,
1684 1924 1765 2004 36).
1788 1925 1874 1986 Venit

231 2020 383 2097 poteritis
399 2023 530 2098 operari
544 2023 602 2085 aut
615 2025 683 2084 Deo
696 2022 839 2099 placere.
1083 2021 1120 2082 ut
1142 2022 1287 2083 animam
1310 2038 1408 2100 quam
1435 2022 1526 2084 dedit
1545 2022 1700 2099 accipiat.
1732 2023 1874 2085 Pulsatio

270 2119 402 2181 Tertius
425 2120 585 2182 adventus
607 2121 659 2182 est
680 2121 714 2182 in
736 2122 876 2192 terrore,
893 2135 954 2196 per
974 2135 1031 2180 se·
1083 2119 1172 2180 enim
1182 2136 1242 2197 per
1253 2120 1365 2183 carnis
1377 2119 1559 2193 molestias,
1576 2121 1717 2182 mortem
1732 2121 1871 2181 vicinam

232 2217 440 2295 parationem
464 2218 584 2280 animae
609 2235 629 2279 a
650 2234 801 2296 corpore.
827 2217 921 2279 Unde
942 2216 1026 2280 iob:
1083 2218 1267 2280 annuntiet.
1297 2218 1382 2290 Quia
1411 2218 1516 2299 igitur
1543 2218 1614 2279 dies
1644 2219 1767 2280 mortis
1791 2218 1873 2281 vohis

230 2315 340 2377 Nocic
352 2317 523 2391 opprimet
535 2331 615 2378 cum
627 2317 823 2391 icospcsios.
838 2316 937 2378 Todei
950 2330 1029 2377 eum
1082 2315 1251 2391 incognita
1281 2316 1349 2389 est,
1382 2316 1558 2377 carissimi.
1598 2315 1743 2379 Solliciti
1779 2316 1872 2378 estote

231 2413 355 2474 occisis
369 2414 532 2485 arcessi
547 2416 738 2488 auferetis
751 2417 874 2484 incdio,
891 2413 1029 2474 ciocict
1082 2411 1251 2488 vigilando
1271 2412 1304 2474 et
1326 2412 1472 2474 debono
1491 2414 1526 2473 in
1545 2413 1665 2474 melius
1688 2413 1871 2474 crescendo.

232 2510 458 2585 turdoropict
473 2527 553 2573 aaran
573 2515 615 2573 dc
638 2509 1025 2590 iocosuotioh,xxv11,
1084 2512 1126 2571 Ut
1148 2526 1249 2587 quum
1277 2512 1437 2572 Dominus
1463 2510 1505 2571 ad
1530 2526 1674 2588 vesper
1698 2510 1871 2572 infirmita·

229 2608 281 2679 20,
303 2606 369 2686 21).
393 2608 502 2669 Turbo
526 2609 647 2686 quippe
665 2608 786 2670 dicitur
807 2624 827 2669 a
850 2607 1025 2670 turbando.
1079 2608 1148 2669 tem
1165 2609 1223 2671 ant
1243 2609 1450 2686 repentinam
1473 2608 1612 2670 mortem
1631 2609 1777 2680 venerit,
1802 2624 1873 2669 con-

233 2703 316 2775 Qnid
339 2706 449 2766 antem
474 2706 581 2782 magis
598 2705 773 2768 conturbat
793 2722 892 2783 quam
917 2707 1028 2767 morsi
1082 2706 1219 2768 fidentes
1243 2705 1284 2768 de
1308 2705 1396 2768 hona
1421 2706 1491 2768 vita
1518 2708 1642 2775 vestra,
1668 2707 1785 2767 statim
1797 2722 1871 2784 ,enm

233 2800 497 2879 Undescriptum
508 2805 604 2865 estin
616 2804 1027 2865 Ecclesiasticozomorsl
1082 2820 1156 2865 cnm
1180 2803 1296 2867 laetitia
1327 2804 1533 2881 suscipiatis,
1563 2805 1706 2865 mortem
1738 2803 1871 2879 benigno

230 2914 336 2974 qoam
347 2901 713 2963 omoracstmcmoria
724 2898 1025 2981 tcc(uccl.xn1,1.)
1081 2902 1290 2977 sustinendo,
1322 2903 1356 2965 et
1394 2901 1534 2963 dicendo
1575 2918 1650 2963 cum
1687 2901 1797 2980 heato}
1825 2901 1872 2963 Si-

230 3000 354 3061 Amara
373 2999 424 3061 est
441 3000 602 3061 memoria
623 2999 750 3071 mortis,
764 2999 875 3061 tamen
896 3013 1027 3076 semper
1081 3015 1221 3061 meone:
1242 3004 1344 3061 Nunc
1364 3000 1498 3061 dimitte
1521 3015 1587 3073 me,
1613 3003 1773 3072 Domine,
1797 3016 1870 3063 scr-

232 3092 391 3157 dehemus
401 3112 474 3158 eam
483 3097 607 3159 habere
615 3098 651 3158 in
661 3096 832 3168 memoria,
835 3097 934 3174 juxta
943 3096 1025 3157 illud
1080 3113 1162 3159 ocia
1190 3098 1288 3159 iuuari
1316 3101 1505 3159 scaccarium
1533 3100 1676 3160 verdum
1711 3100 1809 3161 tuum
1838 3101 1871 3159 to

233 3193 421 3256 Salomonis
434 3217 442 3255 :
457 3199 525 3258 Fili
540 3199 728 3258 recordare
741 3198 932 3257 novissima
953 3195 1023 3265 tua,
1076 3210 1162 3271 pecc
1177 3192 1270 3273 (Luc.
1287 3210 1324 3267 11,
1339 3194 1404 3274 29).

229 3292 265 3352 ct
276 3295 314 3353 in
330 3293 502 3354 internum
519 3309 589 3355 non
596 3295 752 3369 pacandis
765 3289 867 3371 (Eccl.
884 3307 943 3362 vn,
959 3290 1024 3372 40).
1120 3294 1263 3364 Quartus
1279 3293 1439 3355 adventus
1454 3294 1518 3356 erit
1537 3295 1574 3355 in
1588 3293 1666 3369 igne
1680 3295 1716 3356 et
1737 3294 1774 3355 in
1792 3293 1873 3355 indi-

228 3390 276 3450 De
300 3388 363 3451 hoc
377 3390 532 3464 adventu,
549 3407 613 3468 quo
629 3391 671 3452 ad
685 3407 747 3452 nos
760 3390 919 3452 Dominus
935 3390 1027 3452 venit
1079 3391 1237 3466 gnatione
1270 3408 1331 3467 per
1364 3391 1549 3453 districtam
1581 3382 1868 3454 examinationem.

229 3488 266 3548 ut
282 3487 412 3550 animas
427 3487 467 3550 de
487 3488 681 3565 corporibus
695 3488 819 3550 nostris
833 3487 938 3560 tollat,
956 3487 1025 3564 ipse
1080 3490 1164 3560 Quia
1179 3488 1226 3550 ihi
1247 3488 1375 3550 nullum
1390 3489 1514 3550 malum
1529 3490 1593 3551 erit
1612 3490 1826 3566 impunitum,
1840 3490 1870 3550 et

228 3584 277 3645 ait
303 3585 339 3646 in
362 3587 565 3661 Evangelio:
581 3646 584 3653 ,
600 3587 752 3662 Vipiioic,
780 3588 862 3660 quio
886 3587 1026 3647 nescitis
1079 3586 1870 3649 nnllumhonnmirremnneratum.UndeIsaias:

229 3697 299 3754 ouo
326 3687 414 3745 liora
439 3687 607 3745 Dominus
639 3685 756 3745 ocsicr
780 3684 950 3743 venturus
974 3683 1026 3744 esi
1078 3689 1166 3747 Ecce
1189 3700 1315 3747 nomen
1337 3688 1478 3747 Doctint
1498 3686 1594 3746 vertit
1615 3687 1657 3746 dc
1680 3688 1872 3761 lonqinquo,

231 3776 349 3857 (Math.
374 3795 474 3852 xxiv,
506 3779 571 3860 42).
601 3781 715 3841 Nescit
741 3780 829 3840 enim
854 3779 964 3852 homo,
989 3781 1025 3842 ut
1079 3786 1206 3845 ordesos
1213 3785 1317 3857 saror
1326 3786 1412 3855 ejus,
1424 3783 1458 3844 ct
1469 3786 1643 3859 provisori
1649 3783 1872 3857 portandum.

231 3874 387 3936 Salomon
404 3876 462 3948 ait,
479 3877 578 3937 finem
598 3892 705 3936 snum.
724 3875 788 3936 Sed
810 3875 897 3937 sicut
917 3876 1024 3952 pisces
1078 3883 1185 3943 Ladia
1197 3884 1273 3953 ejus
1286 3881 1757 3955 repletastovtindipnattone
1770 3880 1805 3963 ci
1819 3883 1873 3940 ltn-

228 3972 406 4049 capinntur
420 3973 530 4046 hamc,
547 3975 580 4035 et
601 3973 688 4034 sicut
711 3987 790 4033 aves
805 3973 1026 4048 comprehen-
1077 3994 1147 4055 pico
1159 3981 1234 4051 ejus
1252 3982 1351 4052 quusi
1365 3981 1457 4054 iacis
1468 3982 1640 4039 devorans
1653 3976 1711 4056 (ls.
1725 3992 1810 4047 xxx,
1824 3978 1870 4046 27,

229 4069 352 4132 duntur
363 4070 494 4148 laqueo,
514 4071 562 4132 sic
577 4071 754 4148 capiuntur
769 4068 920 4130 homines
935 4070 1023 4132 tem·
1077 4075 1143 4155 28).
1164 4079 1211 4137 De
1226 4077 1289 4137 lloc
1305 4075 1439 4136 nomine
1458 4075 1686 4150 scriptumest
1707 4074 1746 4134 in
1769 4077 1873 4134 Evan-

229 4183 310 4243 pore
334 4169 433 4237 malo,
456 4169 543 4231 idest
564 4170 712 4246 tempore
733 4167 860 4237 mortis,
884 4169 1023 4230 cumeis
1077 4175 1165 4251 gelio
1195 4173 1360 4237 ioannis:
1391 4177 1466 4249 Epo
1495 4173 1723 4246 manifestavi
1753 4185 1871 4233 nonme

228 4265 393 4343 extemplo
408 4267 644 4345 idemrepente
661 4265 902 4344 supervenerit.
919 4268 1021 4328 Item:
1079 4274 1177 4334 tcum
1206 4274 1416 4343 dominicos,
1450 4285 1534 4344 quos
1565 4271 1691 4330 dedisti
1724 4273 1814 4331 initi
1836 4271 1870 4329 dc

226 4364 337 4427 Ncoco
349 4366 471 4441 estqui
483 4382 620 4441 scrvcpcr
634 4366 731 4427 oioot
744 4365 778 4425 ci
792 4367 1024 4440 quinctiusrci
1077 4372 1205 4432 ariundo
1224 4367 1335 4448 (ioan.
1358 4383 1442 4441 xvn,
1467 4368 1513 4447 6).
1535 4368 1676 4443 Propter
1690 4367 1782 4443 quod
1807 4368 1870 4444 ipse

227 4466 350 4525 dodaci
369 4466 531 4536 fiduciam
556 4464 660 4544 (Eccl.
679 4480 729 4533 rx,
745 4462 786 4533 4).
810 4467 904 4527 Unde
918 4464 1022 4527 David
1078 4467 1194 4540 Filiae,
1229 4470 1345 4528 Sermo
1380 4465 1489 4527 Patris
1518 4464 1552 4525 et
1584 4466 1716 4524 Nomen
1745 4462 1870 4525 Domini

227 4559 326 4623 dicit:
344 4564 600 4628 ouisestnomo
615 4567 673 4637 qut
687 4565 820 4625 viatici
835 4580 904 4625 non
924 4566 1023 4624 oidc-
1077 4566 1298 4642 nuncupatur.
1329 4566 1413 4624 Ecce
1445 4578 1565 4623 nomen
1597 4562 1759 4634 Domini,
1791 4560 1869 4622 idest

227 4660 274 4720 oti
292 4662 464 4722 arteriam?
485 4662 533 4720 Ac
554 4662 583 4719 si
607 4661 752 4722 diceret:
778 4663 899 4722 Nullus
914 4662 965 4722 est
987 4661 1021 4720 in
1077 4662 1214 4724 verbnm
1227 4662 1287 4723 Dei
1300 4662 1421 4732 Patris,
1445 4675 1554 4721 sermo
1575 4658 1754 4731 altissimi,
1772 4659 1871 4719 Filius

225 4757 348 4817 mundo
364 4758 421 4834 qni
442 4773 508 4818 non
528 4758 689 4819 moriatur
709 4759 913 4836 incorpore.
937 4760 1022 4821 Nam
1077 4761 1192 4821 aeterni
1211 4759 1311 4835 Regis
1328 4758 1419 4820 venit
1437 4758 1478 4819 de
1499 4757 1694 4833 longinquo,
1718 4757 1817 4828 idest,
1835 4755 1870 4815 de

227 4852 274 4912 nil
303 4854 426 4915 certius
451 4855 573 4925 morte,
601 4858 634 4915 et
661 4854 746 4914 nillil
775 4856 867 4917 dubii
893 4874 957 4934 quo
980 4858 1023 4919 -et
1077 4858 1265 4920 scelestibus
1285 4856 1418 4931 regnis,
1445 4856 1568 4916 idesta
1590 4853 1763 4930 regalibus
1788 4853 1871 4915 sedi·

227 4950 359 5027 qnando
385 4951 418 5012 et
446 4951 619 5026 quomodo.
649 4951 742 5011 Unde
768 4953 990 5031 Hieronymus
1012 4972 1019 5010 :
1076 4956 1136 5017 bus
1154 4955 1256 5016 venit.
1274 4955 1410 5026 Quando
1430 4953 1545 5016 veniti
1564 4953 1645 5013 Post
1663 4952 1772 5013 multa
1792 4952 1871 5013 tem-

226 5066 245 5109 «
266 5049 362 5111 Latet
376 5048 512 5108 ultimus
527 5047 609 5119 dies,
627 5049 662 5109 ut
675 5047 893 5113 observentur
907 5068 1021 5114 omnes
1076 5069 1168 5130 pora.
1187 5053 1250 5112 Sed
1274 5049 1438 5128 quomodo
1461 5050 1572 5111 veniti
1586 5049 1762 5110 iucundus
1775 5047 1869 5127 justis

226 5147 308 5207 dies.
325 5149 399 5207 »Et
416 5145 533 5206 beatus
548 5147 726 5221 Gregorius
741 5164 748 5203 :
765 5167 783 5209 c
805 5153 928 5211 Horam
944 5152 1021 5212 vitm
1076 5152 1109 5212 et
1120 5151 1226 5211 iratus
1238 5149 1360 5227 impiis.
1377 5147 1548 5210 iucundus
1565 5147 1679 5224 justis,
1698 5147 1779 5222 qnia
1795 5150 1867 5208 tunc

226 5245 376 5306 ultimam
395 5243 554 5305 Dominus
576 5246 688 5306 noster
706 5247 830 5308 idcirco
846 5247 944 5334 nobis
956 5264 1020 5308 vo·
1077 5249 1229 5309 Salvator
1255 5244 1459 5324 adjudicabit
1474 5244 1576 5322 jrrstis
1604 5259 1747 5319 regnum
1772 5244 1869 5305 coelo-

225 5341 286 5403 luit
301 5357 374 5403 esse
389 5342 602 5417 incognitam,
626 5345 662 5405 ut
675 5360 807 5422 semper
826 5345 930 5421 possit
946 5360 1021 5405 esse
1075 5363 1160 5417 rum,
1182 5346 1317 5406 dicens:
1341 5344 1457 5405 Venite
1475 5343 1639 5404 Delicdicii
1649 5343 1777 5403 Patris
1791 5341 1865 5406 omi,

224 5438 455 5516 suspecta3ut
468 5440 546 5502 dum
559 5442 652 5502 illam
667 5442 852 5519 praevidere
867 5458 933 5503 non
949 5458 1021 5518 pos·
1074 5448 1156 5518 poio
1189 5446 1321 5506 esuriei
1357 5443 1393 5523 ci
1428 5441 1569 5503 dedistis
1598 5442 1686 5500 milri
1717 5443 1865 5500 enarmo-

224 5553 349 5612 sumus,
359 5538 401 5602 ad
411 5538 503 5600 illam
515 5540 588 5601 sine
598 5538 846 5602 intermissione
856 5554 1020 5617 praepare·
1074 5558 1166 5605 carc.
1184 5543 1341 5608 deuvidis
1351 5539 1482 5614 fecistis
1497 5538 1558 5600 urii
1572 5552 1618 5600 cs
1631 5539 1723 5599 lats...
1742 5533 1865 5611 (Mattlr.
