3936 6192
205 262 261 323 451

245 421 384 495 Liteuri,
399 422 440 483 23
455 420 590 484 solidos.

245 522 292 582 La
309 519 439 592 Fracta,
456 522 495 581 46
509 519 645 582 solidos.

244 618 441 690 Vitreolum,
458 616 606 679 9libras.

244 715 412 791 Bulgaria,
429 716 469 776 45
483 714 619 776 solidos.

243 814 353 885 Garri,
366 813 511 875 6libras.

242 911 469 982 Albinianam,
484 912 505 972 3
519 910 632 972 libras.

242 1009 434 1080 Teizanum,
453 1009 489 1069 18
505 1007 641 1070 solidos.

242 1106 371 1178 Boloni,
389 1107 427 1168 10
439 1106 574 1168 solidos.

244 1205 414 1281 continge,
432 1206 472 1266 10
484 1204 620 1267 solidos.

244 1303 433 1379 marginata
448 1302 480 1364 et
493 1301 705 1373 corbianum,
721 1303 762 1361 40
776 1301 912 1362 solidos.

242 1400 384 1473 amelia,
401 1398 566 1473 selibras,
581 1398 861 1479 etsscollectoribus
882 1400 922 1460 40
941 1414 1000 1459 so·

204 1496 301 1559 lidos.

445 1598 588 1658 Raditur
608 1597 755 1658 Sooinae.

242 1734 290 1793 De
315 1731 487 1802 Madiane,
507 1731 548 1790 22
568 1728 672 1789 libras
694 1728 904 1801 Lucensium,
924 1742 999 1789 cum

204 1829 348 1893 castello
363 1828 531 1890 Astriano.

243 1929 290 1990 De
303 1926 452 2004 Flajano‚
468 1927 488 1987 6
502 1925 605 1986 libras
619 1923 896 2003 provenientium.

243 2027 290 2087 De
303 2023 453 2094 Turario,
467 2025 487 2083 6
501 2021 604 2083 libras
619 2023 897 2100 provenientium.

116 2196 119 2201 ‚
243 2126 290 2184 De
304 2121 425 2184 Sancto
438 2119 530 2193 Polo,
547 2123 567 2182 6
582 2119 685 2181 libras
701 2120 977 2197 provenientium.

243 2221 290 2281 De
302 2221 469 2292 Mozzano,
484 2220 504 2280 6
517 2218 621 2279 libras
635 2216 911 2295 provenientium.

243 2320 290 2379 De
303 2320 400 2390 Poza,
414 2319 434 2378 6
448 2315 552 2378 libras
568 2315 846 2393 provenientium.

244 2419 291 2478 De
306 2414 491 2486 Collonero,
507 2416 527 2476 6
541 2413 644 2475 libras
659 2413 938 2490 provenientium.

244 2514 290 2575 De
303 2513 415 2585 Silice,
431 2514 451 2574 6
465 2512 569 2573 libras
584 2510 863 2590 provenientium.

243 2613 290 2672 De
304 2612 421 2682 Turre,
435 2609 570 2672 6librae
585 2607 863 2685 provenientium.

244 2709 291 2769 lle
305 2710 446 2780 Bacone,
462 2705 597 2769 dlibras
616 2703 893 2783 provenientium.

247 2808 295 2866 De
310 2803 490 2875 Cotanello,
503 2806 524 2865 6
536 2802 639 2865 libras
657 2802 933 2880 provenientium.

245 2905 292 2964 De
306 2902 429 2973 Monte,
444 2900 581 2963 dliliras
597 2900 874 2978 provenientium.

245 3003 292 3062 De
304 3003 421 3078 aspra,
433 3000 453 3060 6
465 2997 568 3061 libras
580 2997 855 3075 provenientium.

244 3101 292 3161 De
314 3097 455 3160 castello
480 3098 609 3170 Donnu,
632 3098 652 3158 6
675 3095 779 3158 libras
800 3096 1003 3174 provenien-

205 3197 311 3260 tium.

244 3297 291 3356 De
307 3294 528 3372 Caprignano,
543 3295 562 3356 6
576 3292 681 3355 libras
696 3291 974 3371 provenientium.

245 3394 292 3454 De
308 3390 526 3464 Montecalvo,
543 3389 681 3453 dlibras
691 3389 974 3468 pgovenientium.

244 3491 292 3551 De
306 3488 504 3561 castellone,
520 3491 540 3550 6
555 3487 657 3549 libras
677 3487 954 3565 provenientium.

244 3589 291 3649 De
307 3586 411 3659 Folla,
427 3586 563 3648 6libras
576 3585 854 3662 provenientium.

245 3686 292 3744 De
308 3686 428 3754 Rocca,
444 3684 464 3744 6
478 3681 580 3743 libras
595 3681 873 3759 provenientium.

245 3782 291 3840 De
306 3780 435 3851 catino,
451 3781 471 3840 3
485 3777 588 3839 libras
603 3777 880 3854 provenientium.

245 3880 292 3938 De
307 3879 426 3949 bucce,
446 3875 581 3937 dlibras
596 3874 873 3952 provenientium.

246 3978 292 4037 De
306 3974 447 4036 civitate
474 3971 563 4045 Lori,
593 3988 667 4050 quae
697 3974 748 4033 est
776 3972 876 4033 hodie
892 3974 1003 4034 Monte

205 4072 317 4143 rieule,
339 4073 377 4132 18
389 4070 492 4131 libras
502 4069 781 4147 provenientium.

246 4173 293 4231 De
318 4167 548 4240 Marchillano,
580 4168 618 4229 10
641 4166 764 4230 solidos
789 4168 1003 4229 denariorum

208 4267 433 4345 Papiensium.

147 4470 152 4477 ·
245 4437 675 4515 dicomulta-specimen
691 4436 767 4498 dedi
784 4436 952 4499 redituum
962 4451 1005 4496 ex

207 4532 1004 4610 urbiumetcastellorumtributisetvectigalibus

207 4633 484 4711 provenientium.
501 4633 629 4694 Praeter
649 4633 749 4694 hosce
767 4631 927 4709 publicos,
945 4629 1004 4691 alii

208 4732 387 4807 proventus
403 4729 590 4806 peculiares
605 4730 701 4790 erant
718 4729 875 4790 Romanis
889 4727 1006 4789 Ponti-

209 4826 325 4887 deibus
341 4843 383 4887 ex
395 4842 559 4888 concursu
574 4825 676 4887 totius
689 4826 876 4888 Occidentis
891 4825 1004 4887 chris-

208 4923 292 4985 tiani
322 4923 363 4983 ad
390 4922 616 4998 apostolicam
646 4922 780 4995 sedem,
803 4925 873 4985 tum
901 4937 1005 4985 causa

208 5016 408 5094 impetrandi
419 5015 593 5092 privilegia
604 5031 643 5077 ac
656 5016 852 5093 patrocinia,
863 5021 933 5082 tum
948 5037 1006 5085 oc-

210 5115 345 5175 casione
362 5111 622 5189 appellationum
643 5112 675 5174 et
701 5114 1004 5180 controversiarum

210 5210 403 5286 multiplicis
418 5209 561 5283 generis.
577 5209 639 5270 Sed
654 5212 687 5272 et
702 5228 744 5273 ex
755 5214 836 5289 ipsis
851 5216 1005 5277 Basilicis

211 5304 370 5367 Romanis
398 5302 522 5378 aliquid
555 5303 712 5369 effluebat
742 5307 777 5367 in
807 5309 1005 5371 Pontificum

213 5402 348 5471 serinia,
366 5399 414 5458 uti
433 5398 598 5475 intelliges
613 5418 631 5462 e
646 5402 858 5479 subsequenti
877 5406 1003 5482 charta,

214 5512 311 5574 quam
327 5511 345 5556 e
359 5494 561 5570 praelaudato
576 5500 707 5575 regesto
722 5500 790 5562 MS.
814 5502 925 5566 (leucii
948 5520 1005 5566 ca·

215 5591 351 5653 merarii
367 5590 554 5670 deprompsi
572 5616 579 5653 ι

815 260 991 322 HONORII
1014 259 1058 320 111
1080 262 1228 322 OPERt.

1798 268 1859 328 452

1053 424 1102 483 Dc
1113 421 1349 497 maceratione,
1365 438 1449 497 quos
1463 425 1623 486 corninus
1641 428 1741 500 Papo
1761 431 1857 488 recl·

1090 521 1143 593 pli
1164 523 1207 581 de
1226 522 1446 595 confessione
1462 523 1552 583 reati
1567 523 1680 595 Petra,
1699 525 1733 585 ct
1747 528 1856 586 Bam-

1092 619 1158 678 llco
1177 617 1305 679 Soracte
1322 618 1540 691 satiatorum,
1560 621 1703 682 circiter
1719 637 1856 684 arescam

1094 715 1183 774 1220.

1094 913 1172 971 llaec
1193 911 1280 981 sunt,
1304 926 1377 988 quae
1396 911 1549 973 dominus
1564 915 1656 990 Papa
1672 916 1724 977 est
1738 931 1858 994 recep-

1053 1007 1148 1069 turus
1163 1008 1204 1068 ab
1220 1008 1299 1080 illis,
1312 1008 1370 1086 qui
1382 1012 1496 1071 emunt
1509 1010 1754 1076 consessionem
1767 1013 1857 1076 beati

1056 1105 1169 1177 Petri,
1206 1106 1385 1167 secundum
1420 1108 1568 1169 tenorem
1608 1110 1856 1186 praeteritorum

1055 1204 1244 1264 ementium.

1095 1301 1286 1377 Inprimis,
1315 1302 1455 1379 singulis
1486 1301 1702 1366 hebdomadis
1734 1305 1858 1383 viginti

1055 1414 1155 1459 unam
1170 1397 1289 1460 libram
1302 1415 1400 1461 cerae.

1094 1498 1131 1557 ln
1153 1512 1350 1574 unoquoque
1375 1512 1489 1560 mense
1515 1513 1617 1559 unam
1642 1502 1853 1577 aquariciam

1055 1594 1137 1666 olei,
1165 1595 1198 1655 et
1223 1609 1323 1655 unam
1345 1594 1465 1655 libram
1491 1595 1628 1657 olibani.
1656 1598 1856 1672 Sciendum,

1055 1691 1140 1768 quod
1153 1691 1190 1751 in
1200 1690 1383 1753 Nativitate
1395 1692 1527 1754 Domini
1537 1694 1570 1755 et
1582 1693 1618 1754 in
1633 1695 1768 1757 Pascha
1778 1713 1858 1774 prae-

1054 1789 1150 1850 dictu
1165 1804 1250 1851 cerae
1265 1789 1436 1867 duplicant
1452 1791 1681 1868 quantitatem,
1698 1794 1732 1854 et
1750 1794 1860 1856 oliba·

1055 1887 1315 1949 numsimiliter.
1660 1888 1666 1895 '

1096 1987 1133 2046 ln
1146 1985 1200 2047 die
1219 1984 1354 2045 sabbati
1364 1984 1405 2046 de
1418 1985 1511 2047 Albis
1525 1987 1639 2048 decem
1652 1987 1760 2049 libras
1774 2005 1858 2052 ceree

1055 2082 1235 2160 proagnis.

1095 2182 1132 2241 ln
1148 2179 1385 2243 Purificatione
1404 2183 1535 2243 sancta
1552 2183 1671 2245 Mariae
1682 2183 1801 2244 decem
1816 2184 1859 2244 li·

1053 2276 1132 2338 bras
1144 2294 1230 2339 corae
1242 2294 1303 2356 pro
1318 2277 1477 2352 candelis,
1494 2280 1527 2340 et
1541 2280 1684 2357 quatuor
1697 2280 1856 2343 denarios

1055 2391 1115 2452 pro
1128 2376 1235 2446 iuncis
1249 2376 1457 2437 vastarariis.

1095 2474 1131 2534 ln
1146 2473 1406 2535 annundatione
1419 2472 1637 2536 tantumdem.

1096 2571 1132 2631 ln
1147 2569 1329 2633 Nativitate
1338 2572 1552 2633 tantumdem.

1095 2669 1132 2729 ln
1149 2668 1203 2730 die
1220 2669 1421 2731 Jovissancti
1436 2672 1506 2731 tres
1524 2669 1681 2732 denarios
1698 2692 1706 2731 z
1725 2672 1856 2748 pondus
1952 2710 1953 2729 .

1055 2764 1195 2827 balsami
1210 2767 1394 2828 camerario
1409 2783 1469 2843 pro
1486 2766 1680 2844 chrismate3
1702 2771 1737 2831 et
1757 2786 1854 2831 unam

1055 2864 1260 2941 aquariciam
1280 2863 1361 2939 olei3
1375 2866 1409 2928 et
1424 2863 1597 2927 duodecim
1613 2867 1783 2943 ampullas
1799 2869 1853 2928 vi·

1056 2963 1156 3034 treas,
1173 2977 1234 3022 sex
1254 2964 1398 3039 majores
1417 2961 1451 3024 et
1468 2978 1530 3023 sex
1551 2963 1718 3039 minores,
1744 2966 1780 3027 et
1799 2980 1856 3027 sex

1056 3058 1229 3121 fannones.
1951 3140 1952 3143 Ἴ

1095 3158 1247 3235 acolythi
1270 3158 1389 3221 debent
1410 3160 1446 3220 in
1464 3159 1636 3221 Dominica
1663 3160 1853 3222 Palmarum
1951 3174 1952 3189 .

1056 3255 1278 3318 duossolidos
1293 3257 1549 3334 provisinorum.
1951 3246 1952 3265 ¹

1096 3356 1133 3415 ln
1149 3369 1348 3432 unaquaque
1369 3355 1522 3427 statione,
1550 3355 1681 3432 quando
1704 3355 1853 3417 dominus

1057 3454 1146 3528 Papa
1168 3451 1259 3513 vadit
1278 3452 1320 3514 ad
1345 3453 1504 3515 Sanctum
1522 3455 1669 3525 Petrum,
1681 3454 1803 3532 recipit
1818 3455 1854 3515 40
1950 3500 1951 3529 ,

1057 3547 1179 3609 solidos
1195 3548 1472 3626 provenientium,
1488 3551 1521 3612 et
1540 3554 1558 3611 4
1575 3551 1769 3628 aquaricias
1789 3550 1854 3612 cla·
1950 3546 1951 3607 l

1056 3646 1131 3717 reti,
1150 3662 1224 3708 cnm
1239 3647 1423 3709 camerario
1438 3649 1471 3710 et
1487 3648 1701 3709 cancellario.
1717 3647 1851 3720 Quando
1950 3652 1951 3717 j

1056 3744 1148 3805 vadit
1159 3744 1200 3805 ad
1212 3760 1399 3821 vesperum,
1411 3743 1508 3806 dehet
1522 3744 1646 3806 habere
1658 3761 1721 3823 par
1732 3745 1853 3808 iacula
1950 3736 1951 3759 ¹

1057 3856 1141 3914 rum,
1155 3844 1175 3903 2
1187 3841 1301 3914 libras,
1318 3844 1351 3904 et
1365 3841 1406 3903 ad
1422 3842 1588 3904 missam2
1601 3842 1717 3905 libras.
1730 3846 1854 3907 Praete-

1057 3955 1115 4001 rea
1129 3940 1262 4012 calices,
1272 3940 1588 4013 crucesthuriliula,
1601 3940 1726 4003 bacilia
1740 3958 1852 4013 aurea,

1058 4037 1128 4098 sive
1138 4038 1307 4113 argentea,
1319 4039 1352 4100 et
1364 4039 1464 4100 etiam
1480 4054 1577 4115 omne
1589 4054 1709 4100 aurum
1719 4039 1810 4101 aliud
1824 4041 1854 4100 et

1057 4136 1231 4211 argentum
1252 4134 1449 4208 laboratum,
1467 4137 1621 4209 camisos,
1642 4137 1774 4210 amites,
1788 4138 1854 4198 sto-
1949 4212 1950 4229 χ

1058 4232 1119 4304 las,
1127 4233 1325 4310 manipulos,
1334 4232 1531 4309 corporalia,
1542 4233 1776 4310 supercalices,
1785 4250 1854 4295 ma·
1949 4244 1950 4259 ¹

1058 4330 1228 4407 austergia
1250 4331 1291 4391 de
1310 4331 1517 4403 alemannia,
1534 4333 1566 4393 et
1581 4332 1695 4408 pallia,
1717 4348 1818 4410 snper
1834 4333 1853 4392 6

1058 4427 1161 4489 libras
1183 4426 1454 4500 afforciatorum,
1476 4444 1549 4506 quae
1575 4429 1618 4490 ad
1642 4430 1748 4492 altare
1770 4430 1852 4492 offe·

1058 4527 1188 4587 runtur.

1099 4625 1192 4686 Sicut
1210 4624 1311 4685 etiam
1335 4624 1448 4685 inveni
1469 4625 1505 4684 in
1522 4625 1645 4702 scripto
1660 4626 1740 4697 alio,
1763 4626 1852 4686 dehet

1059 4720 1181 4805 lrabere
1207 4737 1227 4782 a
1256 4721 1340 4784 sesto
1365 4721 1478 4783 Sancti
1507 4724 1660 4798 Gregorii
1684 4740 1790 4802 usque
1812 4721 1851 4783 ad

1059 4819 1276 4881 Pentecosten
1289 4819 1431 4894 singulis
1444 4818 1573 4888 diebus,
1583 4822 1622 4880 12
1636 4821 1790 4883 denarios
1800 4834 1851 4897 pa·

1060 4917 1201 4994 mansee,
1218 4919 1251 4978 et
1262 4916 1435 4977 denarium
1450 4932 1510 4994 pro
1520 4917 1697 4994 implendis
1712 4918 1850 4980 lontibus

1059 5015 1145 5092 apud
1159 5015 1314 5076 Sanctum
1326 5017 1488 5077 loannem
1501 5015 1772 5079 Lateranensem.

1099 5115 1137 5172 ln
1165 5112 1219 5173 die
1243 5112 1455 5184 lovissancti‚
1470 5113 1503 5173 et
1517 5111 1570 5173 die
1591 5113 1846 5181 Venerissancti.

1059 5209 1233 5287 episcopus
1255 5211 1386 5271 Sanctae
1404 5208 1533 5272 Rudnoe
1550 5210 1670 5288 recipit
1686 5213 1753 5289 Jus,
1769 5209 1850 5290 quod

1059 5307 1230 5370 consuevit
1240 5306 1363 5368 habere
1374 5329 1381 5365 ε
1392 5307 1549 5369 videlicet
1558 5322 1671 5369 arcam
1686 5310 1720 5371 et
1732 5308 1848 5381 altare;

1059 5419 1101 5464 ex
1124 5420 1189 5479 quo
1211 5403 1361 5481 pulsatur
1378 5403 1419 5464 ad
1441 5404 1650 5477 matutinum,
1672 5405 1850 5483 usquedum
1946 5476 1947 5481 ἵ

1059 5500 1173 5561 dnitur
1188 5500 1347 5575 officium
1366 5502 1399 5562 et
1412 5516 1456 5563 ex
1470 5516 1535 5578 quc
1548 5502 1700 5578 pulsatur
1712 5502 1754 5563 ad
1770 5502 1849 5564 mis-

1059 5613 1128 5658 sam
1143 5614 1246 5674 usque
1262 5597 1301 5659 ad
1316 5597 1415 5660 finem
1430 5597 1552 5663 missae.
1567 5599 1667 5661 Salvo
1677 5602 1755 5677 jnro
1773 5614 1851 5661 can·
