3960 6188
230 342 290 401 939
692 343 868 406 HONORII
889 345 934 405 111
955 346 1103 408 OPERA.
1120 377 1159 391 -
1175 344 1407 408 SERMONES.
1817 342 1880 402 940

230 499 479 578 frangerentur,
513 500 683 566 roboravit
714 504 814 577 adeo,
843 505 929 583 quod
961 505 1025 583 ipsi
1080 506 1211 583 quando
1223 505 1281 567 dat
1291 503 1413 565 donum
1426 501 1568 581 Spiritus
1582 500 1700 562 Sancti
1713 500 1757 561 ad
1771 500 1882 561 hono-
1978 474 1979 477 Ἴ

229 599 309 661 tuno
332 599 470 677 proiecti
494 601 760 678 praedicaverunt
789 602 929 681 ubique,
960 605 1027 665 Do-
1079 619 1149 665 ram
1163 604 1195 665 et
1203 604 1344 680 gloriam
1359 601 1435 663 Filii
1450 601 1515 661 sui.
1530 602 1604 677 Ipse
1619 598 1769 676 Spiritus
1783 598 1881 659 docet
1978 600 1979 687 j

230 697 320 758 mino
331 699 539 775 cooperante,
552 700 584 760 et
601 715 785 761 sermonem
797 700 1023 774 conflrmante,
1079 718 1140 763 nos
1160 701 1283 763 omnia.
1307 697 1560 775 Intelligendum
1584 697 1636 758 est
1658 695 1772 757 omnia
1791 694 1880 756 bona
1978 690 1979 741 ἶ

229 795 442 872 sequentibus
476 796 597 873 signis,
622 800 655 859 et
678 798 728 860 eis
756 799 930 860 scientiam
958 799 1026 859 lin·
1080 815 1153 878 quae
1170 799 1304 859 scimus.
1323 800 1362 859 nt
1379 796 1541 872 suggerit,
1562 794 1665 867 idest,
1685 792 1818 854 reducit
1837 791 1879 852 ad

228 907 369 968 guarum
394 894 548 965 contulit,
576 895 652 972 quia
679 894 899 972 loquebantur
921 896 1024 957 variis
1079 896 1272 959 memoriam
1293 895 1329 955 in
1348 893 1583 972 praedicatioue
1605 895 1641 953 et
1661 890 1881 952 meditatione

227 1085 372 1149 indivisa
387 1089 464 1150 sunt
480 1104 581 1165 opera
598 1090 781 1159 Trinitatis,
800 1093 833 1153 et
852 1091 886 1151 in
901 1092 1026 1168 myste—
1078 1094 1165 1165 vult,
1180 1092 1306 1167 spirat·
1326 1092 1386 1152 sed
1407 1092 1532 1161 naeu,
1548 1091 1641 1149 unda
1663 1086 1797 1157 ocant,
1816 1086 1878 1145 aut

226 1184 314 1245 rium
334 1185 453 1246 salutis
472 1188 593 1248 nostrae
617 1188 771 1264 operatus
792 1187 899 1250 luerat
913 1189 1022 1261 Pater,
1079 1205 1143 1265 qao
1166 1189 1271 1250 vadat
1294 1186 1404 1267 (ioan.
1426 1202 1480 1258 111,
1503 1184 1549 1265 8),
1573 1184 1653 1262 quia
1677 1182 1879 1259 glorificatio

228 1280 350 1342 Filium
365 1282 581 1354 incarnando,
596 1283 726 1362 quando
743 1284 834 1346 misit
852 1288 939 1346 Deus
954 1288 1023 1347 Pa·
1078 1287 1201 1348 divinae
1220 1286 1404 1363 majestatis
1418 1300 1538 1360 magna
1557 1281 1682 1343 uirtute
1698 1297 1735 1342 se
1755 1279 1879 1340 didun-

229 1380 282 1439 ter
290 1380 411 1442 Filium
427 1397 522 1442 suum
537 1382 660 1443 iactum
677 1398 720 1443 ex
736 1382 887 1455 muliere,
902 1383 1024 1445 lactum
1078 1384 1126 1447 dit
1144 1385 1179 1446 in
1195 1399 1321 1445 omnes.
1339 1383 1441 1445 Nulla
1457 1381 1545 1442 euim
1564 1380 1611 1441 ibi
1630 1380 1706 1441 erat
1722 1377 1877 1454 indigen·

228 1476 289 1538 sub
315 1476 399 1554 lege,
423 1479 455 1540 et
478 1481 592 1557 postea
617 1482 771 1557 operatus
797 1480 906 1542 luerat
919 1479 1024 1542 Filius
1077 1483 1136 1556 tia,
1150 1483 1242 1543 nulla
1257 1480 1419 1551 molestia,
1438 1478 1493 1540 ubi
1506 1478 1618 1541 omnia
1635 1474 1791 1553 replebat
1807 1491 1878 1535 ma-

226 1575 425 1651 reparando,
446 1576 577 1654 quando
598 1578 734 1654 peccata
753 1578 865 1639 nostra
889 1578 1024 1655 pertulit
1074 1581 1180 1658 jestas
1199 1580 1324 1641 divina.
1344 1577 1459 1640 affluit
1477 1577 1591 1653 itaque
1610 1573 1709 1636 nobis
1731 1571 1878 1649 Spiritus

224 1673 261 1732 in
274 1688 413 1749 corpora
428 1690 488 1735 suo
504 1691 604 1751 super
620 1675 757 1751 lignum,
774 1675 892 1737 merito
910 1676 943 1738 et
957 1676 1035 1743 h0-.
1079 1678 1236 1750 Sanctus,
1266 1677 1299 1738 et
1330 1674 1461 1749 defluit3
1492 1673 1636 1744 accedit,
1673 1673 1709 1733 et
1737 1668 1876 1730 recedit.

225 1768 342 1830 dierna
358 1770 411 1831 dia
427 1771 581 1847 operatus
598 1774 648 1833 est
662 1772 805 1849 Spiritus
825 1774 966 1835 Sanctus
987 1773 1023 1833 in

225 1866 341 1928 eodem
356 1868 513 1944 mysterio
533 1869 655 1930 nostrae
676 1868 804 1941 salutis,
821 1869 1020 1943 roborando,

225 1964 358 2039 quando
380 1966 464 2026 adeo
490 1981 547 2027 eos
571 1965 757 2038 roboravit,
784 1968 820 2028 ui
847 1967 1020 2030 dicerent:

224 2060 397 2123 ‹Obedire
412 2065 539 2140 oportet
554 2066 622 2129 ileo
637 2063 745 2140 magis
759 2081 857 2142 quam
875 2064 1023 2126 bomini-

224 2159 297 2230 bus,
315 2176 380 2221 non
400 2177 575 2238 possumus
595 2178 661 2223 non
676 2162 786 2239 eloqui
802 2178 876 2240 quae
891 2163 1023 2225 audivi·

224 2274 297 2319 mus
310 2259 342 2320 et
356 2259 528 2320 vidimus»
544 2258 628 2338 (Act.
644 2276 679 2331 v,
694 2258 760 2339 29).

264 2356 490 2429 Considerate,
506 2356 637 2429 fratres,
666 2357 829 2435 quomodo
853 2357 961 2420 subito
989 2359 1021 2419 et

225 2454 298 2516 sine
332 2469 426 2516 mora
457 2453 603 2517 infundit
627 2458 715 2517 Deus
743 2455 884 2531 gratiam
926 2472 1020 2517 suam

223 2552 391 2628 apostolis
413 2553 494 2625 suis,
518 2552 694 2630 sicutipse
716 2552 796 2615 lacit
817 2554 911 2615 nobis
933 2570 1020 2632 quo·

224 2648 316 2722 iidie,
333 2650 362 2710 si
375 2651 606 2726 cognoscimus
620 2666 707 2712 eum.
724 2651 778 2713 Illi
793 2653 904 2713 autem
919 2667 1019 2713 acce-

226 2746 348 2822 perunt
374 2746 480 2822 legem
511 2748 547 2809 in
572 2748 696 2810 tabulis
723 2749 864 2826 lapideis
892 2750 1021 2812 extrin-

226 2858 322 2904 secus
356 2843 524 2920 scriptam.
561 2847 599 2906 In
630 2844 753 2906 tabulis
783 2846 941 2923 lapideis,
978 2847 1019 2908 ad

225 2939 463 3016 designandam
486 2957 599 3003 eorum
617 2942 791 3017 duritiam3
813 2944 1019 3005 extrinsecus

225 3039 400 3115 scriptam,
426 3039 502 3116 quia
527 3039 680 3116 legebant
707 3039 835 3102 tantum
856 3040 1017 3112 litteram,

224 3135 280 3197 sed
301 3152 366 3197 non
382 3136 612 3214 intelligebant
629 3137 904 3215 significationem
919 3139 1020 3216 spiri-

222 3234 358 3295 tualem.
377 3236 417 3296 at
435 3235 560 3297 idcirco
576 3251 643 3296 non
665 3235 897 3312 pertingebant
915 3251 1019 3313 usque

222 3331 264 3391 ad
279 3332 485 3409 spiritualem
497 3333 699 3395 intellectum
714 3333 846 3395 litterae.
864 3334 927 3394 Sed
943 3333 1020 3411 Spi-

222 3428 307 3489 ritus
322 3431 463 3491 Sanctus
479 3431 574 3492 datus
587 3431 638 3493 est
649 3431 814 3507 Apostolis
829 3447 897 3492 non
912 3431 946 3491 in
961 3432 1017 3493 ta-

220 3525 308 3587 bulis
327 3527 483 3605 lapideis,
504 3528 561 3589 sed
589 3529 625 3589 in
646 3527 812 3600 cordibus,
833 3528 936 3605 digito
958 3528 1018 3590 Dei

222 3623 402 3698 scribente,
422 3627 456 3688 et
474 3626 679 3703 spiritualem
700 3626 954 3702 intelligentiam
969 3627 1017 3687 eis

222 3720 311 3783 intus
333 3722 489 3784 dictante.
518 3724 612 3785 Unde
638 3723 672 3784 in
695 3724 908 3799 Evangelio:
932 3727 1017 3786 Cum

220 3820 356 3880 venerat
370 3821 582 3892 Paraclitus,
600 3837 701 3894 parem
720 3822 836 3882 mittet
854 3820 965 3882 Pater
979 3824 1017 3882 io

219 3919 359 3977 nominc
372 3929 459 3988 mco,
473 3920 527 3979 illc
540 3919 668 3979 docebit
682 3932 872 3978 aesomnes
886 3917 1017 3978 aerato-

221 4011 1015 4092 temetsupperetoobt'somoio(Joan.nv,26).

262 4111 448 4173 Paraclitus
466 4128 586 4187 graece,
605 4112 708 4172 latine
726 4098 846 4173 dicitur
864 4111 1016 4179 Advoca-

220 4208 285 4280 tus,
301 4209 354 4269 vel
370 4209 564 4271 consolatio.
582 4208 724 4286 Spiritus
742 4210 883 4271 Sanctus
895 4209 1018 4271 dicitur

220 4305 417 4380 advocatus,
439 4307 526 4369 sicut
544 4306 625 4369 dicit
643 4307 830 4385 Apostolus,
847 4307 925 4383 quia
944 4307 1016 4383 ipse

220 4405 293 4477 orat
315 4421 376 4481 pro
400 4404 495 4466 nobis
519 4404 696 4481 gemitibus
721 4403 1014 4466 inenarrabilibus.

218 4503 321 4562 Orare
337 4501 469 4576 dicitur,
486 4503 564 4580 quia
583 4502 664 4564 facit
684 4518 745 4563 nos
765 4517 874 4563 orare.
891 4503 1017 4563 Conso-

219 4597 300 4660 latio
324 4599 463 4674 dicitur,
486 4600 564 4676 quia
588 4600 660 4677 ipse
684 4600 876 4661 consolatur
896 4615 956 4660 nos
980 4599 1015 4660 in

220 4695 310 4755 omni
329 4695 543 4759 tribulatione
562 4698 686 4758 nostra.
704 4699 768 4758 Per
785 4712 882 4774 quem
904 4696 1015 4774 Spiri-

220 4791 289 4852 tum
305 4793 461 4854 Sanctum
474 4794 702 4870 intelligimus,
717 4794 874 4870 quoniam
890 4793 947 4855 ille
959 4793 1015 4871 qui

222 4889 387 4950 consolari
403 4906 460 4951 eos
474 4890 610 4963 solebat,
622 4907 688 4951 non
703 4890 845 4967 amplius
859 4892 1015 4952 intereos

221 4987 415 5047 conversari
433 4985 587 5047 habebat.
611 4988 845 5049 Verumtamen
863 4990 1014 5066 quamvis

219 5081 400 5141 secundum
420 5080 659 5142 humanitatem
675 5080 761 5144 inter
778 5099 835 5145 eos
849 5100 916 5145 non
931 5086 1013 5158 erat,

218 5178 329 5239 tamen
354 5176 536 5239 secundum
564 5177 769 5241 divinitatem
798 5181 840 5242 ab
870 5181 919 5242 eia
947 5198 1015 5243 non

218 5273 405 5336 recedebat.
428 5275 523 5336 Unde
545 5276 617 5353 ipse
637 5277 685 5339 ait
707 5298 715 5337 ε
735 5281 814 5341 Neo
836 5293 897 5341 eos
917 5283 1016 5341 dese·

219 5385 309 5442 ram,
320 5386 429 5445 neque
439 5375 674 5447 derelinquam
684 5373 801 5453 (Math.
812 5391 933 5445 xxvrn,
947 5374 1012 5455 20).

222 5467 262 5525 Et
274 5466 354 5527 alibi
367 5490 373 5525 :
388 5472 459 5545 Epo
473 5485 533 5531 ero
548 5474 719 5533 vobiscum
730 5476 884 5535 manibus
898 5477 1015 5536 diebus

222 5567 1012 5649 umqueadcensammoitonemsaecult(ioan.111,

221 5652 267 5730 8).
287 5658 387 5718 Pater
406 5661 505 5722 mittit
526 5664 683 5740 Spiritum
705 5667 741 5727 in
768 5669 900 5730 nomine
923 5669 1012 5742 Filii,

1077 1775 1190 1837 Adiuit
1209 1775 1251 1837 ad
1272 1774 1419 1835 nostram
1441 1770 1737 1849 justificationem,
1761 1766 1878 1827 defluit

1077 1873 1118 1935 ad
1133 1873 1280 1935 nostram
1294 1871 1525 1932 bumilitatem.
1537 1867 1686 1937 Accedit,
1700 1867 1737 1926 ut
1748 1879 1878 1925 cresca-

1077 1989 1165 2047 mus3
1181 1970 1317 2041 recedit,
1325 1984 1367 2030 ue
1377 1965 1622 2044 superbiamus3
1636 1966 1672 2025 ut
1686 1976 1877 2023 crescamus

1076 2070 1112 2131 in
1125 2070 1260 2140 uirtute,
1278 2083 1321 2128 ne
1334 2064 1564 2143 superbiamus
1574 2062 1622 2142 {de
1635 2060 1763 2121 uirtute
1777 2074 1877 2136 prop-

1075 2169 1127 2231 ter
1140 2166 1361 2228 abundantem
1374 2163 1526 2240 gratiam.

1115 2265 1177 2327 Hic
1191 2265 1241 2326 est
1255 2263 1312 2324 ille
1331 2261 1483 2338 Spiritus,
1504 2258 1561 2335 qui
1577 2253 1747 2334 corporali
1763 2253 1876 2331 specie

1076 2362 1235 2424 columbae
1249 2359 1420 2423 descendit
1434 2372 1537 2433 super
1548 2355 1727 2416 Dominum
1742 2352 1778 2412 in
1792 2351 1875 2427 bap-

1073 2462 1183 2524 tismo.
1200 2461 1270 2521 Hoc
1289 2457 1415 2534 Spiritu
1437 2454 1511 2532 post
1530 2451 1733 2529 baptismum
1756 2448 1876 2509 ductus

1075 2560 1125 2621 est
1138 2561 1234 2621 Jesus
1251 2555 1286 2616 in
1301 2553 1477 2622 desertum,
1497 2549 1735 2611 attentaretur
1751 2561 1775 2605 a
1797 2545 1873 2605 dia-

1074 2656 1161 2717 bolo.
1178 2655 1239 2715 Hic
1254 2653 1305 2715 est
1314 2651 1436 2727 digitus
1452 2648 1520 2720 ille,
1536 2646 1657 2723 dequo
1673 2646 1746 2722 ipse
1761 2642 1876 2704 Domi-

1075 2770 1137 2814 nus
1158 2752 1287 2829 inquit:
1306 2755 1433 2820 Porro,
1457 2750 1489 2809 st
1503 2749 1539 2807 lu
1559 2745 1667 2820 digito
1689 2744 1756 2803 Det
1776 2743 1874 2812 alicio

1074 2853 1253 2920 daemonia,
1265 2846 1421 2921 profacto
1431 2842 1592 2919 pervenre
1602 2844 1639 2901 tu
1648 2853 1710 2900 vos
1724 2852 1874 2913 regnum

1073 2951 1138 3009 Del
1153 2945 1247 3025 (Luc.
1268 2961 1315 3015 xi,
1335 2941 1400 3024 20).
1416 2942 1478 3002 Hic
1501 2940 1552 3001 est
1571 2937 1660 3015 ignis
1685 2936 1872 3010 illaquam

1074 3045 1232 3107 Dominus
1244 3042 1334 3104 venit
1346 3040 1476 3102 mittere
1487 3038 1668 3106 interram,
1687 3034 1723 3094 et
1736 3031 1872 3093 nonnisi

1073 3145 1109 3205 ut
1130 3140 1340 3204 accendatur.
1365 3139 1434 3199 Hoc
1459 3133 1585 3212 Spiritu
1610 3132 1733 3192 Petrum
1754 3130 1871 3205 raptus

1073 3241 1108 3300 in
1132 3238 1272 3301 extasim
1298 3235 1381 3297 vidit
1405 3231 1564 3294 animalia
1585 3228 1650 3289 sibi
1670 3228 1812 3288 dimissa
1836 3225 1871 3285 in

1073 3338 1175 3399 disco.
1192 3338 1262 3397 Hoc
1283 3332 1398 3395 eodem
1420 3329 1545 3392 Paulus
1564 3329 1680 3403 raptus
1700 3321 1869 3401 usquead

1071 3435 1207 3497 tertium
1220 3433 1340 3494 coelum
1356 3428 1438 3490 vidit
1452 3427 1485 3488 et
1503 3424 1630 3487 audivit
1644 3437 1784 3493 arcana,
1798 3435 1872 3497 quae

1072 3548 1139 3593 non
1154 3530 1249 3592 licuit
1262 3526 1389 3590 homini
1402 3524 1504 3602 loqui.
1521 3524 1591 3583 Hoc
1607 3520 1710 3582 etiarn
1725 3521 1871 3581 Joanues

1072 3628 1220 3690 sublatus
1232 3626 1268 3688 in
1283 3625 1425 3687 montem
1449 3634 1606 3696 magnum
1620 3618 1654 3679 et
1671 3616 1778 3678 altum
1789 3612 1872 3675 vidit

1071 3726 1255 3789 Jerusalem
1280 3737 1399 3784 novam
1436 3716 1688 3780 descendentem
1719 3713 1762 3774 de
1788 3711 1872 3773 coelo

1071 3825 1238 3900 tamquam
1261 3834 1415 3898 sponsam
1437 3816 1589 3878 ornatam
1615 3812 1689 3873 viro
1714 3826 1787 3871 suo.
1808 3807 1871 3868 Hic

1071 3923 1122 3983 est
1134 3919 1277 3997 Spiritus
1294 3916 1353 3977 ille
1374 3911 1592 3991 septiformis,
1610 3909 1668 3986 qni
1683 3922 1785 3984 super
1804 3907 1873 3966 Do-

1072 4019 1198 4078 minum
1225 4013 1400 4091 requierit,
1427 4010 1526 4088 juxta
1556 4006 1639 4068 illud
1674 4002 1871 4065 vaticinium

1071 4115 1168 4177 Isaiae
1185 4135 1192 4173 ε
1208 4111 1405 4186 Requiescet
1419 4122 1526 4182 reaper
1546 4121 1628 4167 curn
1640 4102 1786 4177 spiritur
1797 4103 1873 4159 Do-

1070 4215 1173 4283 mini,
1207 4211 1352 4285 speratus
1385 4204 1566 4281 suplanttae
1601 4202 1637 4263 et
1669 4196 1871 4267 intellectus,

1069 4313 1124 4384 spi
1152 4310 1215 4370 'tris
1242 4308 1374 4368 consilli
1405 4305 1439 4364 et
1463 4298 1691 4376 fortitudinia,
1725 4293 1872 4370 spiritua

1069 4390 1872 4478 selentraeetpsetato,etrepraotteumspmlm

1071 4506 1207 4567 timoris
1216 4502 1355 4563 Domini
1368 4486 1874 4577 (Is.x1,2,3).Hicestillespi1i-

1069 4604 1122 4663 tus
1133 4597 1335 4675 Domini‚qui
1345 4596 1379 4656 in
1397 4591 1561 4671 principio
1574 4587 1689 4650 mundi
1702 4584 1873 4647 serebatur

1070 4713 1170 4776 super
1192 4711 1307 4773 aquas,
1332 4690 1462 4770 quando
1485 4687 1631 4751 tenebrae
1654 4685 1754 4745 erant
1774 4693 1872 4758 super

1071 4796 1188 4857 faciem
1199 4792 1320 4868 abyssi.
1337 4792 1383 4851 De
1396 4789 1459 4849 boc
1470 4785 1589 4863 spiritu
1597 4781 1723 4858 legitur
1736 4780 1774 4840 iu
1787 4776 1870 4838 libro

1070 4890 1248 4969 Sapientiae
1262 4911 1269 4949 :
1283 4884 1580 4966 Spiratpsliomini
1592 4879 1742 4954 replevit
1753 4879 1870 4938 orbem

1070 4993 1260 5059 terrarum,
1288 4987 1322 5049 et
1346 4989 1418 5055 boc,
1446 4983 1534 5057 quod
1558 4976 1712 5039 continet
1741 4976 1869 5043 monio,

1068 5087 1250 5151 amentiam
1262 5082 1463 5146 bobetoocts
1478 5078 1567 5153 (Sap.
1583 5090 1606 5146 1,
1620 5072 1669 5152 7).

1110 5184 1146 5246 Si
1166 5182 1302 5261 spiritus
1317 5177 1450 5241 Domini
1463 5173 1604 5252 replevit
1627 5169 1744 5232 orbem
1762 5166 1873 5229 terra-

1068 5298 1154 5354 rum,
1180 5280 1302 5359 quanto
1326 5276 1433 5353 magis
1456 5271 1586 5351 replere
1606 5266 1705 5331 debet
1728 5279 1870 5340 regnum
1978 5320 1979 5353 3

1069 5380 1226 5443 coelorum
1237 5379 1250 5437 l
1262 5377 1307 5438 at
1320 5379 1381 5438 hoc
1394 5374 1482 5448 quod
1492 5367 1643 5433 continet
1657 5367 1789 5426 ornata
1809 5359 1870 5421 Hic
1978 5398 1979 5439 3

1068 5476 1255 5539 affirmatur
1266 5471 1352 5552 quod
1365 5472 1409 5532 sit
1418 5466 1637 5544 omnipotens.
1654 5459 1823 5529 Profecto,
1839 5456 1867 5517 si
1978 5504 1979 5527 ,

1069 5576 1141 5636 sine
1165 5573 1239 5650 ipso
1265 5567 1390 5648 aliquid
1417 5564 1528 5645 posset
1553 5560 1750 5629 subsistere,
1778 5554 1869 5616 nullo
1978 5558 1979 5629 j

1068 5671 1165 5733 modo
1179 5669 1348 5731 diceretur
1372 5664 1483 5727 omnia
1505 5658 1689 5723 continere.
1707 5654 1745 5716 Si
1758 5654 1869 5727 autem
