3960 6188
85 314 148 375 eoi
548 310 713 375 octava
735 309 924 373 PasciiAE.
948 309 1076 371 asaia
1099 308 1279 381 QUARTA.
1682 310 1744 370 aba

82 486 159 535 nox
180 469 322 534 vertitur
345 470 379 533 in
407 469 506 544 diem,
531 469 624 543 idest,
642 469 827 533 adversitas
851 469 886 531 in
942 469 1043 541 Quasi
1067 468 1216 530 diceret:
1237 469 1305 544 Ego
1320 467 1354 529 θῖ
1366 465 1522 545 discipuli
1543 466 1610 527 mei
1633 467 1744 544 parati

83 570 354 648 prosperitatem.
372 568 456 640 Quia
466 568 553 630 sicut
566 568 646 630 dicit
659 568 884 644 Augustinus:
942 583 1057 628 sumus
1083 566 1124 627 ad
1155 564 1373 627 obediendum
1398 567 1466 626 Deo
1486 565 1624 626 viventi.
1649 564 1740 636 Quod

82 685 105 729 c
122 671 189 730 Per
203 669 401 744 praesentem
411 665 626 728 afflictionem
642 665 788 727 futuram
803 682 889 726 com·
942 666 1053 727 autem
1077 664 1235 724 Dominus
1259 663 1445 739 interrogat
1466 664 1575 724 utrum
1597 661 1743 725 habeant

85 766 188 843 parat
212 764 360 826 Ecclesia
388 762 592 825 felicitatem.
613 781 632 823 s
656 763 805 840 Apostoli
839 762 887 824 nil
943 761 1213 839 pulmentarium,
1227 759 1293 822 tale
1308 761 1359 822 θεῖ
1373 759 1743 837 quasidiceret:Quem

84 863 331 941 prendiderunt
356 862 414 923 illa
443 861 550 933 nocte,
579 860 677 933 idest,
706 861 816 921 nullos
846 876 890 921 ex
944 859 1087 921 fructum
1099 858 1263 919 habuistis
1279 858 1319 919 de
1333 858 1572 934 predicatione
1586 859 1697 920 vestra
1708 857 1743 918 in

83 961 216 1024 ,iudaeis
244 960 477 1022 converterunt
509 958 543 1019 in
576 958 635 1019 illa
662 957 887 1020 tribulatione.
944 956 1065 1034 populo
1079 956 1291 1018 Judaeorumt
1306 959 1427 1017 Omnes
1450 956 1528 1018 sunt
1547 955 1743 1017 indomabili

84 1061 170 1121 Haec
183 1073 251 1120 nox
272 1056 334 1119 luit
351 1056 482 1133 quando
506 1055 729 1131 sicutlegitur
747 1055 890 1117 11116ῖί-
944 1054 1054 1126 corde,
1080 1069 1142 1115 nec
1164 1053 1302 1131 possunt
1322 1069 1382 1129 per
1404 1053 1475 1115 rete
1496 1053 1744 1129 praedicationis

83 1155 152 1218 bus
166 1154 410 1232 Apostolorum,
433 1152 521 1215 iacta
540 1154 590 1214 est
610 1153 797 1231 persecutio
818 1169 891 1214 ma·
944 1151 1093 1213 abstrahi
1116 1150 1158 1211 ab
1173 1151 1279 1228 aquis,
1293 1150 1390 1222 idest,
1407 1166 1428 1211 a
1448 1150 1639 1213 carnalibus
1661 1150 1746 1212 desi-

84 1268 157 1331 gna
179 1253 216 1314 in
239 1251 398 1324 Ecclesia,
421 1251 456 1312 in
478 1250 532 1312 die
562 1266 627 1328 quo
647 1250 811 1328 lapidatus
840 1249 891 1311 est
945 1250 1058 1322 dariis,
1084 1249 1162 1326 quia
1186 1249 1290 1311 latent
1310 1249 1346 1310 in
1367 1249 1455 1321 imis,
1479 1249 1542 1310 hoc
1561 1250 1622 1321 est,
1641 1248 1744 1309 defixi

87 1350 291 1428 Stephanus,
306 1352 339 1411 θῖ
354 1362 470 1410 omnes
482 1347 639 1424 discipuli
654 1347 798 1424 dispersi
813 1346 891 1409 sunt
945 1347 1023 1409 sunt
1048 1347 1084 1407 in
1112 1346 1349 1423 cupiditatibus
1372 1346 1528 1408 terrenis.
1548 1346 1641 1409 Unde
1659 1345 1744 1407 bene

85 1462 150 1526 per
174 1446 328 1523 regiones
360 1445 484 1508 Judaeae
510 1445 543 1507 θῖ
577 1445 737 1506 Samariae
770 1446 892 1521 praeter
945 1445 1102 1507 dixerunt
1115 1445 1266 1521 Apostoli
1279 1444 1358 1522 quia
1372 1460 1438 1507 non
1453 1444 1577 1506 habeut
1591 1443 1745 1521 pulmen-

85 1544 278 1623 Apostolcs,
301 1543 464 1616 Quamdiu
485 1558 565 1619 ergo
580 1542 739 1620 ⁸discipuli
758 1542 892 1604 luerunt
946 1543 1026 1615 tum,
1043 1541 1140 1615 idest,
1158 1558 1225 1604 non
1248 1543 1401 1621 poterant
1418 1541 1541 1604 babere
1562 1558 1606 1603 ex
1628 1556 1759 1604 eorum

86 1643 125 1704 iu
136 1641 267 1714 Judaea,
280 1641 316 1702 in
333 1640 429 1702 nocte
444 1639 690 1713 laboraverunt,
706 1641 740 1701 et
755 1639 828 1701 ideo
843 1639 890 1699 nil
947 1639 1164 1702 conversione
1183 1639 1469 1701 delectamentum.

86 1738 341 1818 prendiderunt,
365 1738 443 1816 quia
474 1753 597 1815 paucos
630 1739 688 1799 aut
711 1737 819 1799 nullos
848 1750 891 1799 ex
994 1738 1124 1799 Mittite
1157 1740 1195 1798 to
1228 1737 1413 1799 deuterum
1449 1738 1580 1812 accipit
1616 1736 1742 1797 rete...

85 1838 216 1901 Judaeis
229 1835 583 1907 converteruntNam,
597 1834 625 1896 si
641 1834 697 1912 qul
710 1850 753 1896 ex
766 1834 892 1897 Judaeis
948 1833 1058 1913 (ioan.
1077 1850 1148 1905 xxi,
1171 1833 1217 1914 6).
1240 1834 1345 1895 Navis
1366 1833 1419 1895 vel
1443 1833 1630 1910 navigium,
1658 1832 1746 1894 sicut

86 1935 133 1997 ad
156 1934 255 1995 iidem
271 1931 462 2004 veniebant,
485 1935 556 2009 jam
576 1933 700 1995 Christi
727 1931 894 2009 praedica-
947 1932 1103 2006 diximus,
1128 1932 1296 2008 siguificat
1314 1931 1509 1993 Ecclesiam.
1525 1932 1669 1992 Dextera
1684 1945 1748 1991 na-

88 2033 184 2096 tione
211 2034 245 2093 et
271 2030 442 2092 miraculis
468 2031 556 2107 capti
573 2029 716 2102 fuerant,
741 2029 774 2092 et
796 2030 894 2091 erant
946 2030 1030 2106 vigii
1051 2029 1218 2106 significat
1239 2029 1396 2107 populum
1419 2028 1587 2104 gentilem,
1609 2027 1747 2089 sinistra

88 2128 307 2192 emulatores
319 2127 413 2203 legis,
430 2127 515 2189 adeo
528 2127 564 2189 ut
577 2126 684 2204 magis
698 2125 893 2189 viderentur
926 2156 928 2163 ι
947 2128 1103 2205 populum
1114 2127 1298 2204 judaicum.
1313 2126 1405 2188 Unde
1420 2142 1495 2188 cum
1509 2125 1633 2203 loseph
1645 2123 1747 2186 vellet

85 2227 311 2304 Judaeiquam
324 2225 516 2288 Christiani⁴
946 2225 1099 2287 benedici
1121 2225 1207 2286 tilios
1228 2240 1340 2286 suasa
1357 2224 1467 2295 Patre,
1485 2224 1596 2300 posuit
1616 2223 1745 2300 primo·

129 2329 238 2386 Mane
251 2323 454 2395 outemjam
462 2323 554 2396 sacto
564 2322 660 2384 stetit
673 2325 776 2384 laeua
785 2324 823 2384 tn
836 2322 893 2385 ut-
948 2323 1097 2400 genitum
1117 2338 1137 2383 a
1158 2321 1285 2384 dextris
1300 2324 1373 2399 ejus
1390 2323 1423 2384 θῖ
1437 2320 1540 2383 alium
1555 2318 1744 2382 asinistris.

87 2423 170 2484 tore
192 2418 302 2499 (Joan.
323 2434 397 2491 xxi,
415 2416 460 2498 4).
485 2420 583 2480 Mane
601 2418 769 2495 significat
786 2418 894 2480 lucem
947 2423 990 2481 at
1008 2422 1109 2481 Pater
1129 2419 1323 2482 cancellatis
1337 2419 1489 2480 manibus
1503 2419 1613 2496 posuit
1626 2418 1746 2480 dexte·

86 2518 224 2595 gratiae.
241 2519 339 2578 Mane
356 2516 479 2577 iactum
493 2516 554 2586 est,
568 2516 699 2593 quando
711 2516 820 2591 gratia
834 2517 894 2578 Dei
948 2534 1020 2581 ram
1033 2532 1135 2596 super
1143 2518 1312 2595 juniorem
1324 2519 1358 2580 et
1371 2517 1541 2579 sinistram
1558 2532 1659 2594 super
1673 2516 1747 2593 pri·

87 2617 126 2677 in
140 2617 258 2691 gentes
271 2614 391 2676 diffusa
401 2615 462 2677 θεῖ
478 2616 560 2676 Tum
573 2613 663 2677 εῖθῖίῖ
674 2616 771 2677 Jesus
785 2614 893 2676 inlit-
949 2617 1163 2692 mogenitum.
1202 2618 1239 2678 In
1271 2632 1337 2693 quo
1374 2615 1627 2691 significabatur
1661 2614 1749 2692 quod

87 2715 177 2776 tore.
195 2713 287 2775 Sicut
300 2728 393 2774 mare
405 2712 571 2789 significat
585 2712 754 2785 mundum,
767 2712 815 2774 ita
833 2711 894 2773 lit-
950 2714 1090 2791 populus
1113 2714 1249 2790 gentiiis
1273 2714 1331 2791 qui
1350 2714 1401 2775 θεῖ
1418 2713 1582 2790 posterior
1603 2712 1667 2774 tide
1690 2711 1751 2772 de-

87 2814 146 2875 tus
175 2811 290 2885 maris,
321 2810 493 2888 regionem
528 2810 723 2872 viventium.
756 2812 804 2871 De
830 2824 894 2888 quc
949 2812 1048 2873 behat
1060 2812 1211 2873 benedici
1226 2812 1364 2875 dextera
1378 2811 1450 2884 Dei,
1463 2811 1562 2883 idest,
1579 2811 1752 2888 suscipere

90 2909 200 2971 David
215 2930 223 2968 ε
240 2911 349 2971 Credo
363 2910 584 2970 dicarcheae
597 2911 738 2971 Domini
747 2912 785 2970 ta
797 2909 896 2971 terra
949 2909 1092 2985 gratiam
1104 2909 1391 2983 abundantiorem,
1402 2910 1436 2971 et
1444 2908 1751 2987 populusjudaicus

92 3008 289 3068 vicentium
304 3004 373 3085 (Ps.
389 3006 440 3078 26,
454 3004 518 3085 13).
531 3005 689 3087 Dominus
704 3020 784 3081 ergo
798 3008 896 3069 lesus
950 3008 1007 3085 qui
1019 3006 1112 3085 prius
1122 3007 1164 3069 ad
1178 3007 1275 3069 iidem
1286 3022 1467 3068 conversus
1480 3006 1531 3068 θεῖ
1542 3021 1602 3084 per
1611 3008 1751 3082 Moysen

90 3103 204 3166 stabat
217 3104 252 3164 in
267 3103 378 3165 littore
402 3104 435 3165 et
456 3101 613 3180 discipuli
631 3103 667 3164 in
690 3103 786 3175 mari,
804 3104 893 3181 quia,
951 3105 984 3167 et
1015 3104 1205 3182 propbetas,
1242 3104 1455 3166 constituitur
1489 3103 1531 3164 ad
1565 3103 1748 3175 sinistram,

91 3200 166 3279 ipse
181 3203 253 3264 erat
267 3201 420 3277 ingloria
438 3201 548 3262 Patris
570 3200 603 3262 θῖ
623 3200 779 3277 discipuli
794 3199 897 3262 suda·
951 3202 1048 3273 idest,
1064 3201 1136 3263 sola
1149 3201 1347 3279 temporalia
1370 3200 1492 3262 dantur
1512 3200 1546 3262 ei
1565 3216 1625 3278 pro
1649 3200 1753 3261 bene-

91 3298 176 3362 bant
193 3300 228 3360 in
250 3298 364 3362 labore
385 3296 644 3376 praedicationis,
661 3298 725 3359 Sed
740 3312 897 3374 quaeren-
952 3298 1107 3365 hebone.

91 3396 175 3459 dum
194 3396 290 3457 nobis
310 3396 360 3457 est
373 3410 477 3473 quare
490 3395 584 3456 visus
599 3395 650 3456 θεῖ
672 3395 762 3457 stare
783 3396 816 3457 θῖ
830 3411 897 3457 non
991 3397 1121 3458 Mittite
1133 3398 1366 3459 iadeoetcram
1378 3399 1511 3473 navigit
1523 3396 1599 3458 rete
1613 3397 1648 3458 et
1660 3399 1753 3459 trave·

91 3494 223 3555 sedere.
252 3491 414 3570 aequm
450 3491 641 3564 dicendum,
674 3492 753 3570 quia
781 3492 899 3555 sedere
951 3496 1066 3556 scietis.
1082 3494 1138 3556 Bis
1153 3493 1189 3555 in
1205 3496 1319 3558 sancto
1335 3494 1514 3571 Evangelio
1527 3494 1650 3571 legitur
1663 3492 1752 3572 quod

90 3590 267 3667 regnantis
290 3591 358 3662 est,
386 3590 476 3651 stare
501 3605 580 3651 vero
596 3588 798 3666 adjuvantis.
812 3590 899 3652 Hinc
952 3592 1112 3654 Dominus
1123 3591 1226 3669 Jussit
1244 3593 1280 3654 ut
1297 3592 1339 3652 ad
1361 3591 1556 3669 piscandum
1570 3592 1655 3654 retia
1670 3592 1751 3655 mit-

90 3687 256 3766 estquod
288 3687 406 3750 beatus
442 3687 631 3764 Stephanus
669 3687 753 3750 vidit
784 3691 898 3751 Jesum
952 3691 1113 3762 terantur,
1134 3691 1211 3753 ante
1232 3691 1422 3768 passionem
1439 3689 1606 3762 videlicet,
1628 3690 1754 3767 etpost

91 3785 272 3848 stantema
289 3785 416 3847 dextris
439 3783 511 3858 Dei,
536 3785 614 3863 quia
633 3784 789 3847 videlicet
799 3789 901 3865 juva·
953 3788 1154 3866 passionem.
1171 3787 1235 3850 Sed
1250 3788 1445 3866 prinsquam
1460 3786 1660 3864 Redemptor
1674 3802 1755 3849 nos·

93 3881 151 3944 bat
165 3898 241 3944 eum
256 3882 291 3943 in
311 3882 494 3944 certamine
514 3882 693 3959 passionis.
711 3883 803 3955 Quod
819 3899 899 3961 ergo
953 3889 1005 3950 ter
1019 3887 1053 3948 θῖ
1064 3886 1233 3963 pateretur
1247 3886 1282 3948 et
1299 3886 1500 3961 resurgeret,
1518 3884 1604 3948 mitti
1619 3885 1752 3962 quidem

95 3981 257 4041 Dominus
267 3980 359 4041 visus
371 3980 422 4042 est
434 3982 534 4051 stare,
550 3979 642 4041 dedit
655 3980 798 4058 intelligi
811 3982 899 4059 quod
953 3985 1024 4046 rete
1036 3984 1077 4045 ad
1090 3983 1285 4061 piscandum
1296 3983 1401 4061 jubet,
1418 3982 1476 4044 sed
1492 3983 1602 4045 utrum
1616 3982 1652 4044 iu
1665 3983 1752 4043 dex-

96 4076 277 4154 discipulos
296 4079 332 4139 in
353 4078 538 4155 piscatione
558 4078 901 4143 deficientesvenerat
953 4083 1060 4144 teram
1074 4097 1118 4142 an
1140 4082 1177 4142 in
1199 4080 1370 4142 sinistram
1391 4080 1479 4142 mitti
1492 4079 1672 4152 debuisset,
1687 4094 1754 4141 non

97 4174 270 4252 adjuvare.
286 4177 326 4237 Et
344 4174 596 4252 significabatur
614 4175 701 4252 quod
716 4174 901 4240 laboranti·
950 4178 1057 4256 jubet.
1077 4178 1157 4239 Post
1177 4178 1456 4239 resurrectorum
1477 4193 1558 4240 vero
1581 4177 1755 4255 discipulis

100 4270 162 4334 hus
187 4273 222 4334 in
245 4272 588 4350 praedicationeveuit
605 4272 769 4333 auxilium
782 4273 900 4350 gratiae
955 4290 1119 4352 apparens
1141 4274 1228 4337 mitti
1250 4274 1321 4336 rete
1344 4274 1380 4335 in
1404 4274 1575 4337 dexteram
1594 4274 1700 4351 jubet
1717 4278 1754 4337 In

100 4370 304 4432 ministrare.
955 4372 1014 4434 illa
1045 4371 1229 4450 piscatione
1255 4371 1340 4434 tanti
1366 4372 1444 4433 sunt
1469 4371 1575 4448 capti,
1606 4373 1643 4432 ut
1669 4371 1756 4433 retia

139 4472 220 4532 Noc
247 4468 364 4530 tomen
377 4467 611 4544 cognoverant
636 4470 794 4544 discipuli
820 4473 902 4545 gata
955 4469 1201 4546 rumperentur.
1228 4469 1266 4530 In
1296 4467 1361 4530 ista
1389 4471 1501 4530 autem
1536 4468 1632 4531 multi
1667 4470 1757 4546 capti

99 4566 277 4629 Jesuaest.
294 4565 423 4627 Piscari
438 4563 702 4642 estpraedicare:
719 4567 901 4644 piscatores
956 4567 1034 4628 sunt
1056 4567 1089 4628 θῖ
1105 4555 1198 4628 ⁴retia
1224 4566 1323 4642 rupta
1355 4581 1422 4627 non
1450 4567 1538 4627 sunt
1566 4566 1646 4639 Quis
1673 4582 1754 4629 vero

102 4666 181 4726 suut
194 4662 441 4741 praedicatores.
458 4663 619 4740 Discipuli
634 4679 714 4740 ergo
735 4680 802 4727 non
817 4680 900 4742 cog·
956 4664 1085 4726 nesciat
1098 4663 1203 4725 bonos
1225 4663 1373 4729 dextera,
1389 4662 1496 4726 malos
1515 4663 1652 4727 sinistra
1671 4664 1759 4741 tigu-

104 4761 268 4823 uoverunt
291 4763 405 4823 Jesum
431 4775 506 4822 esse
536 4761 570 4822 θῖ
599 4762 688 4823 stare
713 4762 749 4823 in
778 4762 900 4835 littore,
956 4763 1048 4824 rarii
1070 4761 1131 4823 llla
1150 4776 1230 4837 ergo
1249 4760 1402 4838 piscatio,
1418 4761 1535 4838 inqua
1554 4762 1756 4839 specialiter,

105 4857 191 4934 quod
201 4858 327 4919 unum
338 4856 473 4919 deberet
483 4858 533 4919 eis
542 4859 684 4934 gratiam
697 4860 900 4934 ministrare,
956 4860 993 4921 in
1005 4875 1104 4937 quam
1116 4858 1243 4937 partem
1260 4858 1346 4921 mitti
1361 4860 1431 4920 rete
1448 4858 1567 4921 debeat
1578 4874 1645 4922 non
1653 4859 1757 4937 jube·

106 4957 141 5017 ut
160 4955 197 5016 in
218 4970 349 5016 omnem
372 4955 496 5017 terram
517 4955 763 5032 praedicationis
788 4974 903 5020 eorum
957 4959 1022 5029 tur,
1041 4957 1237 5035 praesentem
1261 4955 1444 5018 Ecclesiam
1465 4952 1662 5034 designavit,
1684 4974 1758 5036 quae

105 5067 207 5114 sonus
219 5052 338 5121 exiret,
353 5054 387 5115 et
406 5052 440 5113 in
462 5052 545 5114 fines
569 5053 659 5116 orbis
673 5054 772 5117 terrae
795 5056 903 5118 lucem
957 5054 1063 5116 bonos
1091 5055 1124 5116 θῖ
1151 5053 1257 5115 malos
1287 5053 1431 5130 colligit,
1460 5070 1522 5118 nec
1549 5055 1644 5131 eligit
1675 5070 1757 5132 quos

107 5148 183 5212 tidei
209 5152 243 5212 θῖ
267 5151 386 5227 gratiae
409 5150 619 5213 clarificaret
637 5152 723 5214 Dicit
747 5168 827 5230 ergo
854 5154 903 5215 eis
957 5152 1079 5225 trahat,
1096 5151 1176 5230 quia
1191 5154 1319 5230 etquos
1333 5152 1459 5229 eligere
1480 5154 1595 5229 possit,
1611 5152 1755 5227 ignorat.

107 5248 822 5324 iesus21³uereeunnueupuameatarvam
835 5255 902 5314 ha-
958 5254 1038 5313 Haec
1051 5252 1162 5312 autem
1184 5249 1323 5327 piscatio
1345 5255 1419 5327 post
1438 5249 1570 5311 Domini
1581 5264 1757 5311 resurrec-

109 5346 193 5407 batte
207 5344 317 5425 (Joan.
337 5361 409 5418 xxi,
436 5344 470 5425 5)
483 5347 496 5407 1
510 5347 670 5425 Discipuli
695 5348 772 5410 sunt
794 5350 905 5413 vocati
958 5349 1082 5412 tionem
1103 5347 1190 5411 iacta
1209 5348 1245 5409 in
1266 5348 1372 5410 solam
1391 5347 1562 5408 dexteram
1576 5347 1679 5409 missa
1694 5350 1755 5421 est,

109 5444 202 5517 pueri
234 5446 369 5521 propter
396 5443 584 5520 puritatem.
621 5444 714 5506 Unde
745 5447 904 5509 Dominus
958 5447 1037 5524 quia
1061 5445 1103 5508 ad
1127 5444 1305 5507 videndam
1328 5447 1402 5521 ejus
1423 5443 1588 5507 claritatis
1615 5443 1757 5520 gloriam

108 5541 204 5603 lesus
225 5557 285 5619 per
306 5542 427 5603 isaiam
450 5562 459 5603 ε
479 5545 566 5605 Ecce
580 5557 642 5620 epo
661 5545 695 5606 at
711 5548 814 5620 poem
834 5549 905 5608 met
959 5544 1031 5607 sola
1055 5544 1237 5606 electorum
1260 5541 1412 5604 Ecclesia
1429 5542 1605 5620 pertinget,
1623 5556 1697 5619 quae
1717 5542 1757 5606 de

110 5651 192 5711 quos
216 5640 307 5703 dedit
332 5642 418 5703 milit
445 5643 613 5704 Dominus
643 5640 701 5721 (Is.
731 5658 806 5716 vin,
838 5642 902 5725 18).
960 5643 1097 5711 sinistro
1109 5656 1210 5721 opere
1226 5640 1273 5702 nii
1289 5638 1434 5702 babebit.
1451 5641 1488 5700 ln
1502 5639 1561 5702 ilia
1574 5640 1758 5717 piscatione
