3980 6198
193 269 253 328 203

814 273 989 335 HONORII
1006 275 1052 335 111
1068 277 1217 341 OPERA.
1780 273 1845 334 ml

195 436 480 509 committendam
509 434 596 496 idem
611 432 879 512 archipresbyter
892 432 990 497 libel·
1043 441 1182 517 quaestio
1207 438 1406 510 verteretur,
1436 439 1471 500 te
1495 434 1634 498 tirmiter
1668 435 1845 496 asserente

195 533 264 595 lum
277 535 427 597 ecclesiae
444 550 513 595 suas
528 532 661 595 nomine
684 532 802 595 obtulit
816 534 990 596 continen—
1044 538 1130 615 quod
1142 538 1184 600 ab
1194 538 1308 600 eodem
1319 530 1845 613 archiepiscoposineproiessio-

195 633 273 703 tern,
290 632 376 710 quod
391 632 507 710 pensio
520 647 580 709 pro
605 630 702 693 dictis
723 631 989 709 possessionibus
1044 635 1098 697 nis
1120 637 1293 698 exactione
1308 638 1348 714 (c)
1363 633 1514 695 benedici
1528 631 1659 703 debeas,
1676 630 1765 693 sicut
1782 645 1844 706 per

196 729 304 791 soluta
317 746 383 791 non
398 730 507 791 suerat
530 729 594 806 ipsi
606 722 768 802 ecclesiae,
784 728 907 807 elapsis
917 732 989 807 jam
1045 734 1242 797 mamutium
1253 733 1348 795 bonae
1364 731 1531 794 memorie
1543 728 1726 792 Alexandri
1741 730 1844 804 Papae

195 826 302 888 tribus
317 828 425 899 annis,
440 828 473 890 et
493 827 581 888 ultra
599 849 606 888 :
631 827 798 889 nobilibus
812 843 892 891 uero
906 828 989 905 ipsis
1043 828 1152 894 iuerat
1162 831 1348 908 delinitum
1360 828 1558 908 etpraedicto
1569 826 1847 902 magistroeoon-

195 925 392 1001 petentibus,
430 928 466 987 ut
507 925 689 1003 explicaret
717 925 801 1002 ipsis
832 927 988 1003 spatium,
1044 929 1148 991 trario
1172 926 1475 1006 ammonianum
1498 926 1572 1004 ipsa
1595 924 1762 987 sententia
1783 939 1845 1001 per

195 1022 281 1099 quod
296 1040 355 1101 per
376 1023 464 1085 itane
477 1023 707 1101 adjectionem,
723 1024 865 1097 stultia,
881 1025 990 1101 signi-
1044 1024 1195 1088 eumdem
1215 1025 1325 1088 iuerat
1338 1024 1505 1096 revocata,
1522 1022 1610 1084 sicut
1622 1019 1845 1099 quarumdam

194 1120 290 1182 ficari
304 1121 446 1193 volebat,
471 1121 505 1184 et
531 1122 603 1198 ipso
627 1122 915 1200 archipresbytero
929 1138 991 1185 ex·
1044 1124 1229 1186 litterarum
1243 1121 1494 1202 prescriptione
1505 1118 1552 1201 (1)
1565 1118 1742 1182 ostendere
1755 1118 1846 1179 nite-

195 1218 369 1295 primente,
383 1219 469 1297 qued
480 1223 605 1297 septem
620 1220 717 1282 annis
727 1219 837 1283 fuerat
847 1221 883 1283 in
893 1220 989 1284 dictae
1043 1221 1162 1285 batur:
1178 1221 1266 1285 idem
1283 1220 1509 1299 predecessor
1522 1218 1635 1280 noster
1648 1217 1697 1278 ita
1709 1216 1845 1293 utrique

196 1316 367 1393 pensionis
387 1317 551 1378 solutione
568 1320 743 1390 cessatum,
767 1320 799 1381 et
812 1318 913 1380 iidem
929 1335 991 1381 no-
1044 1321 1131 1400 parti
1153 1319 1308 1398 providit,
1328 1315 1494 1390 videlicet,
1515 1313 1602 1393 quod
1632 1313 1695 1375 tibi
1721 1329 1845 1374 munus

195 1411 279 1474 biles
295 1414 441 1476 dicentes
456 1413 604 1476 libellum
627 1416 777 1477 ecclesiae
800 1417 989 1494 hujusmodi
1044 1417 1283 1481 benedictionis
1295 1414 1501 1494 impenderet
1516 1412 1735 1490 aisquejurts
1750 1426 1844 1489 prae-

196 1513 411 1588 expressione
426 1512 598 1585 mutatum,
619 1513 786 1590 longiores
808 1514 849 1576 ad
865 1515 992 1577 delibe—
1041 1515 1168 1595 judicio
1189 1512 1431 1591 archiepiscopi
1455 1510 1640 1582 memorati,
1663 1508 1844 1584 assignans

196 1609 336 1669 randum
359 1608 510 1671 inducias
529 1612 706 1688 petierunt,
727 1628 810 1690 quas
830 1613 909 1691 quia
932 1611 991 1675 de-
1046 1614 1177 1691 utrique
1190 1612 1367 1676 terminum
1381 1610 1418 1673 in
1432 1608 1573 1671 concilio
1596 1607 1676 1669 tunc
1690 1606 1845 1684 proxime

195 1708 324 1782 negasti
347 1707 471 1769 eisdem
492 1710 639 1770 nostram
654 1710 857 1773 audientiam
876 1711 992 1788 appel·
1045 1711 1167 1784 iuturo,
1181 1709 1217 1773 in
1238 1726 1303 1790 quo
1324 1709 1354 1770 si
1373 1707 1486 1786 posset
1508 1704 1710 1767 sufficienter
1726 1704 1844 1765 osten-

196 1803 317 1866 tarunt.
346 1807 415 1866 Nes
430 1821 510 1883 ergo
524 1807 778 1884 appellationem
801 1808 991 1886 hujusmodi
1046 1808 1230 1888 dere,qu0d
1241 1805 1480 1886 professionem
1491 1803 1555 1866 sibi
1566 1802 1677 1864 lacere
1691 1800 1842 1872 deberes,

196 1901 351 1965 frivolam
363 1906 554 1981 reputantes
568 1904 592 1966 i.
607 1906 631 1966 t.
647 1906 854 1980 mandamus,
870 1908 990 1984 quate·
1045 1922 1119 1969 eam
1138 1922 1157 1967 a
1177 1907 1210 1968 te
1223 1904 1287 1966 sibi
1306 1903 1431 1965 iaceret
1449 1900 1613 1973 exbiberi,
1630 1899 1781 1978 alioquin
1801 1897 1844 1959 ab

196 2016 260 2061 nus
275 2017 313 2063 ea
327 2017 535 2079 nequaquam
546 2002 696 2065 obstante
708 2005 743 2065 in
758 2006 891 2082 negotio
906 2007 989 2084 ipso,
1045 2004 1250 2083 impetitione
1262 2004 1294 2065 te
1320 1999 1507 2063 absolueret
1518 1999 1636 2076 ipsius.
1653 2000 1762 2069 Quum
1783 2011 1847 2058 au·

198 2099 323 2175 previa
343 2100 473 2161 ratione
508 2100 680 2177 procedas,
715 2104 813 2181 juxta
843 2103 992 2183 priorum
1046 2102 1112 2163 tem
1126 2100 1256 2179 prelati
1269 2099 1501 2178 procuratores
1524 2095 1574 2159 tui
1588 2095 1847 2157 reconvenirent

197 2196 434 2259 continentiam
449 2197 646 2263 litterarum.
1046 2198 1335 2276 archiepiscopum
1350 2194 1578 2267 memoratum,
1590 2192 1847 2271 supereoride-

1047 2296 1135 2368 licet,
1146 2295 1234 2373 quod
1249 2294 1407 2356 officiales
1421 2293 1527 2370 ipsius
1540 2292 1583 2365 te,
1595 2306 1635 2352 ac
1645 2291 1844 2352 merentum

196 2396 316 2456 Abbati
329 2394 378 2475 (a)
393 2400 427 2458 s.
443 2399 638 2474 Atrpttstt'nt,
656 2401 929 2463 Cutttnertenois.
949 2399 991 2477 (b)
1046 2394 1139 2456 tuum
1153 2392 1350 2471 impediunt,
1367 2390 1544 2468 quominus
1556 2387 1691 2467 possitis
1703 2402 1848 2464 congre-

496 2551 633 2611 CAPUT
654 2551 694 2611 11.

237 2684 343 2753 Quum
358 2680 437 2742 oiim
450 2682 537 2743 inter
548 2683 581 2743 te
596 2685 674 2745 tnnc
686 2683 991 2759 electumetdilec-

197 2779 266 2839 turn
282 2778 398 2849 filitnn,
415 2780 447 2840 et
470 2780 664 2856 magistrum
685 2785 723 2843 R.
740 2783 892 2844 nuntium
915 2800 990 2846 ren.

197 2876 220 2937 s.
235 2892 267 2935 n.
282 2877 529 2938 cantuariensis
545 2878 796 2956 archiepiscopi,
809 2897 921 2943 coram
935 2882 990 2943 iel.

196 2989 294 3033 mem.
312 2975 502 3036 innocentio
518 2976 609 3052 Papa
621 2977 866 3053 predecessore
879 2980 991 3041 nestro

234 3140 276 3215 (a)
287 3144 345 3200 Hor
355 3148 439 3214 capnt
452 3143 483 3200 t'n
492 3159 548 3201 nno
558 3145 647 3202 trium
658 3145 782 3203 codicum
791 3148 994 3218 manuscripto

198 3228 263 3339 rtltpt
276 3215 325 3339 gul
333 3229 419 3340 gerres
433 3232 476 3272 mc
489 3220 556 3272 sunt
568 3216 743 3288 ttdsrrt'ptnnt
757 3222 807 3288 est,
824 3223 850 3275 et
869 3219 944 3276 obest
958 3220 993 3277 ob

197 3298 265 3340 utts
296 3301 333 3340 no
351 3300 393 3342 ns.

233 3355 273 3429 (b)
293 3356 394 3414 Albuti
408 3358 436 3414 S.
451 3358 616 3429 Anpustini.
636 3358 761 3416 Vocatur
779 3358 835 3417 hoc
850 3369 992 3419 monaste·

197 3426 271 3484 riurn
284 3428 311 3484 S.
333 3429 495 3501 Augustini,
513 3444 571 3485 nou
595 3426 671 3501 quod
694 3429 777 3486 luerit
794 3430 855 3503 ejus
874 3432 992 3502 ordinis,

197 3497 495 3569 sedquodinstitutunt
507 3499 590 3557 luerit
600 3500 635 3556 ab
643 3501 815 3572 Augustino,
823 3503 992 3575 inAngiietn

198 3570 285 3627 misso
299 3584 314 3626 a
330 3571 358 3627 S.
372 3571 520 3643 Gregorio,
537 3572 566 3627 in
580 3571 686 3643 palatio
702 3573 791 3643 regio,
806 3573 882 3644 quod
895 3573 991 3630 Ethel-

196 3639 294 3696 bertus
308 3656 358 3696 rex
373 3640 409 3697 ob
424 3641 596 3713 baptismum
616 3648 645 3697 et
661 3639 746 3697 iidem
762 3640 797 3697 ab
816 3643 917 3700 eodem
933 3645 991 3702 Au·

197 3711 354 3782 gastineio
369 3713 477 3783 capello
493 3714 522 3769 S.
537 3712 649 3769 Martini
661 3721 834 3784 susceptam,
847 3722 876 3770 et
891 3716 940 3771 toti
953 3730 993 3772 re

198 3797 257 3853 gno
270 3780 403 3838 ditiusont
420 3781 545 3838 donarit.
562 3783 630 3849 Qua
649 3781 763 3852 nitidem
779 3785 887 3856 capella
909 3794 992 3843 antea

197 3859 307 3907 tanturn
317 3853 533 3923 bertereginae,
550 3867 613 3933 quae
627 3850 781 3909 christiana
798 3863 869 3923 erat,
883 3856 990 3914 servie-

198 3922 261 3994 bat;
275 3937 350 3979 enno
363 3923 438 3978 eninr
452 3924 515 3991 tto,
531 3937 636 3979 missum
648 3930 691 3979 est
706 3937 721 3979 a
735 3924 874 3995 Gregorio
889 3928 917 3983 in
933 3930 991 3984 An·

197 3994 297 4065 giiarn,
312 4000 342 4051 ul
357 3993 531 4065 expluribus
546 3994 663 4065 ipsiuse
685 3995 775 4051 istoiis
787 4005 907 4065 constet,
920 4006 949 4055 ct
958 4014 993 4055 ex

198 4064 285 4133 ilcdo,
308 4064 356 4121 lib.
374 4066 396 4133 1,
412 4079 475 4135 cap.
489 4065 534 4130 23,
550 4064 632 4122 ellib.
675 4106 683 4133 ,
700 4079 763 4138 cop.
780 4067 831 4137 243
845 4083 880 4124 ex
895 4068 994 4126 tibera-

199 4137 275 4192 litate
289 4136 364 4191 cuim
380 4136 459 4216 rogis
474 4136 502 4193 iu
515 4135 735 4205 Doronervensi,
748 4135 775 4192 id
788 4145 831 4194 est
843 4140 992 4197 cantuaria

198 4206 313 4263 civitate
325 4205 489 4273 ecclesiam,
502 4221 588 4278 quarn
604 4208 726 4278 primurn
742 4209 769 4265 S.
785 4210 935 4268 Pancratio
948 4226 994 4267 ex·

198 4284 348 4343 struxerat,
364 4278 393 4332 in
416 4276 554 4335 honorent
581 4278 629 4335 SS.
646 4279 847 4350 Apostolorum
868 4283 944 4339 Petri
965 4290 993 4339 et

198 4348 279 4404 Pauli
293 4345 409 4415 dicavit,
422 4354 453 4403 ut
467 4349 611 4420 sepultura
631 4357 707 4407 esset
722 4356 781 4406 tunt
801 4366 903 4423 regunt
918 4355 991 4410 Can·

196 4419 239 4488 tii,
249 4427 308 4475 tum
321 4420 406 4475 etiarn
419 4418 707 4493 archiepiscoporum,
718 4422 994 4489 carduililendeno,

197 4492 226 4545 in
241 4490 396 4546 Britannia
410 4505 472 4559 suu,
488 4499 517 4547 et
530 4506 579 4547 rex
603 4491 761 4548 monachos
782 4493 810 4549 in
832 4507 865 4549 ea
884 4493 994 4551 institui

219 4562 369 4630 recurrerit,
393 4576 427 4617 oc
451 4569 549 4634 postea
573 4563 670 4618 multis
693 4562 776 4618 bonis
797 4562 896 4620 ditavit
918 4579 994 4621 atino

198 4578 261 4699 305,
274 4641 303 4688 ut
317 4646 352 4687 ex
366 4632 567 4704 diplomatibus
582 4632 765 4690 donationum
781 4642 902 4703 constat,
914 4642 942 4691 et
958 4650 994 4692 ex

198 4704 271 4761 duit.
288 4703 534 4759 blelntesburiensi
549 4701 596 4759 lib.
615 4704 648 4758 dc
661 4705 744 4773 pestis
757 4704 863 4776 Pontis.
873 4705 992 4776 Anplor.

235 4772 273 4847 (c)
294 4774 359 4829 Sine
368 4774 554 4844 professionis
566 4775 717 4829 sanctione.
735 4775 783 4830 bis
795 4777 869 4831 inter
883 4776 993 4834 archie-

198 4844 347 4917 piscopum
366 4845 610 4905 Curttttaricnsern
627 4852 655 4899 et
678 4843 808 4901 abbatem
832 4847 860 4902 S.
876 4848 990 4918 Augus·

198 4917 250 4971 tini
270 4916 298 4970 in
316 4929 351 4971 co
364 4922 434 4982 etot,
451 4913 526 4985 quod
545 4912 776 4986 archiepiscopus
798 4913 863 4971 tidei
883 4917 992 4988 proies·

198 4987 310 5043 sienem
341 4986 370 5041 in
399 4985 531 5041 nrattibus
562 4985 622 5039 suis
652 4981 811 5041 iaciendum
843 4996 992 5058 assereret,

198 5067 351 5129 antequem
368 5055 462 5111 abbati
475 5053 702 5111 benedictionem
717 5055 913 5128 impenderet:
942 5059 991 5116 ab·

198 5128 251 5185 bns
265 5134 362 5185 contro
376 5140 408 5181 se
420 5126 511 5181 solum
525 5125 560 5181 ab
573 5124 787 5199 archiepiscopo
799 5126 929 5186 benedici
941 5130 991 5187 de·

198 5199 266 5255 bere
278 5200 340 5254 sine
352 5196 408 5252 ulla
420 5196 473 5253 alia
487 5197 669 5277 praestatione
679 5197 867 5256 contendebat
872 5215 883 5283 3
896 5208 923 5257 ct
938 5200 993 5258 boc

196 5270 244 5343 jus
258 5268 482 5325 uetustissimum
499 5266 527 5322 in
540 5282 583 5322 sut
596 5268 703 5324 scilicet
715 5272 879 5327 rnonosterit
897 5271 995 5328 lunda·

198 5343 276 5398 tione
292 5356 307 5395 a
322 5339 518 5409 Sattgunbm
534 5339 645 5410 anglie
665 5341 791 5412 apostolo
804 5342 891 5399 variis
906 5344 993 5400 titulis

198 5421 226 5468 et
242 5410 429 5483 prititeeiisa
451 5407 522 5464 Sede
544 5409 704 5480 Apostolicu
721 5412 895 5469 confirmatis
915 5428 993 5470 occe·

1046 2507 1127 2568 gare
1141 2490 1314 2569 spnodum,
1331 2488 1382 2570 (d)
1406 2486 1576 2550 celebrare
1599 2485 1793 2563 capitulum,
1811 2487 1846 2546 et

1042 2589 1309 2667 jurisdictionem
1333 2585 1511 2665 specialem
1536 2584 1572 2645 in
1602 2582 1745 2644 subditis
1768 2598 1846 2645 mo·

1047 2687 1202 2750 nasteriis
1219 2700 1391 2761 exercere3
1412 2682 1609 2744 beneficium
1625 2681 1845 2742 nibilominus

1046 2785 1213 2861 integrum
1227 2782 1448 2845 restitutionis
1463 2779 1677 2859 postulantes,
1690 2794 1793 2856 snper
1806 2795 1846 2840 eo

1047 2882 1133 2961 quod
1148 2881 1320 2960 cujusdam
1334 2879 1497 2958 pretextu
1509 2877 1694 2955 personalis
1710 2892 1848 2955 compo-

1047 2980 1177 3045 sitionis
1200 2979 1287 3041 inter
1304 2981 1341 3040 Β.
1357 2979 1391 3040 et
1404 2980 1444 3038 H.
1461 2978 1494 3038 et
1507 2978 1546 3038 rt.
1562 2976 1636 3037 tuos
1653 2975 1845 3052 praedeces-

1046 3154 1110 3217 (θυι,
1128 3148 1228 3219 inquit,
1243 3162 1261 3202 a
1276 3146 1338 3203 suis
1349 3144 1492 3217 frutribus
1506 3143 1699 3211 electenses
1712 3142 1752 3198 ud
1762 3157 1847 3224 suurn

1046 3220 1221 3291 samareum
1243 3219 1354 3274 ordinet
1377 3215 1612 3284 archiepiscopus,
1633 3228 1683 3269 nco
1704 3228 1772 3269 ocro
1792 3213 1847 3269 tibi

1047 3291 1208 3361 subiectum,
1225 3287 1273 3345 sed
1292 3289 1415 3359 fratrem
1435 3290 1461 3342 ct
1475 3283 1701 3351 contuemini
1711 3284 1848 3355 cottepotn

1047 3365 1165 3431 reputet.
1179 3361 1214 3417 Et
1228 3359 1283 3415 boc
1294 3358 1474 3430 privilegium
1487 3354 1668 3412 confirmavit
1680 3354 1844 3411 Alexander

1048 3434 1075 3490 11
1087 3430 1182 3488 abbati
1199 3429 1433 3503 Egelsino,onno
1455 3426 1534 3484 todo.
1548 3427 1641 3483 Locus
1661 3432 1706 3482 est
1722 3426 1847 3498 insanis

1049 3501 1124 3575 opud
1136 3500 1300 3559 lletthaeurn
1321 3499 1410 3566 Paris,
1423 3499 1451 3553 in
1472 3497 1594 3553 ilenrico
1609 3498 1634 3553 11
1651 3510 1658 3550 :
1683 3517 1695 3545 ι
1717 3495 1844 3554 Claren-

1048 3572 1149 3630 baldus
1167 3572 1258 3629 sancti
1276 3569 1428 3642 tugusunt
1445 3567 1562 3635 electus,
1576 3566 1807 3624 benedictionem
1828 3582 1844 3624 a

1048 3642 1157 3700 Thema
1170 3642 1366 3701 cantuariensi
1381 3638 1595 3711 archiepiscopo
1611 3638 1741 3709 accipere
1763 3653 1843 3710 que·

1048 3714 1138 3781 rebat,
1155 3713 1249 3771 sedin
1265 3726 1315 3768 sua
1331 3711 1461 3778 ecclesio,
1477 3717 1505 3765 et
1523 3710 1585 3765 sine
1606 3707 1801 3780 professione,
1816 3718 1846 3766 ut

1048 3784 1173 3857 suspicio
1194 3782 1379 3841 sub'ectionis
1395 3782 1421 3837 in
1438 3787 1582 3861 posterum
1603 3794 1718 3860 prorsus
1733 3779 1844 3907 ebffcta

1048 3863 1134 3921 esset,
1151 3869 1227 3912 anno
1261 3855 1342 3913 163.»
1360 3854 1449 3909 Tanta
1464 3866 1540 3907 enirn
1560 3849 1720 3921 crothopus
1734 3850 1770 3907 ab
1792 3859 1846 3907 ans

1048 3926 1184 4001 dignitas,
1194 3933 1224 3982 ut
1236 3940 1270 3981 ex
1284 3923 1437 3981 Elbelberti
1448 3923 1526 3994 regis
1538 3922 1689 3994 privilegio
1705 3935 1844 3978 concessa

1047 3999 1074 4054 ei
1098 3997 1181 4053 luerit
1202 3996 1315 4054 officina
1338 3994 1588 4061 messurianum
1606 3992 1671 4072 jure
1748 3993 1845 4048 uniam

1048 4066 1192 4140 signandi,
1208 4074 1239 4125 ut
1253 4081 1288 4122 ex
1302 4065 1437 4122 Acontio,
1450 4065 1479 4122 S.
1489 4064 1644 4134 asportant·
1658 4076 1689 4119 re
1701 4070 1744 4120 ert
1760 4063 1843 4120 Guill.

1048 4138 1209 4198 Cemdonus
1224 4139 1253 4194 in
1267 4135 1423 4193 Britannia
1437 4149 1500 4192 sua.

1085 4210 1125 4281 (tl)
1153 4209 1328 4279 Cortpreporc
1353 4206 1500 4279 synodum,
1521 4209 1572 4260 etc.
1598 4205 1666 4260 llaec
1686 4210 1716 4260 et
1738 4204 1843 4261 sirnilia

1048 4295 1105 4337 non
1128 4279 1296 4352 pertinuisse
1318 4276 1354 4334 ud
1377 4277 1483 4333 dictunt
1505 4274 1751 4401 archiepiscopum
1777 4288 1841 4347 pro·

1048 4350 1116 4407 bant
1145 4349 1293 4431 sequeutia
1321 4346 1407 4405 verbo
1440 4360 1476 4403 ex
1505 4344 1647 4427 praedicto·
1697 4345 1842 4417 tplomate.

1050 4443 1061 4471 ι
1078 4421 1141 4478 Nou
1155 4420 1191 4476 ibt
1208 4421 1321 4486 mimas,
1355 4417 1415 4475 ussi
1430 4416 1465 4473 ed
1478 4430 1538 4473 sue
1550 4415 1664 4473 ditionis
1676 4417 1777 4484 attare,
1790 4430 1845 4472 nec

1048 4490 1251 4557 ordinationes,
1274 4490 1319 4545 vei
1385 4487 1561 4545 nedictiones
1586 4487 1751 4558 usurpative
1780 4488 1844 4543 sine

1049 4561 1168 4632 abbatis,
1191 4561 1237 4617 vel
1260 4558 1376 4617 fratrum
1401 4559 1547 4631 petitione,
1569 4565 1710 4626 exerceat,
1734 4558 1844 4614 nullum

1048 4628 1844 4711 sibijusconsuctudinariumvelinuitissintareexivatp

1049 4704 1087 4760 uit
1102 4703 1180 4761 Bulla
1203 4701 1330 4773 eiusdem
1355 4702 1387 4758 D.
1404 4700 1569 4772 Augustini.
1584 4700 1619 4755 lit
1634 4698 1696 4755 haec
1716 4672 1842 4773 proben-

1048 4781 1092 4830 tur
1107 4779 1143 4830 ex‘
1156 4775 1268 4847 integra
1290 4771 1435 4839 decretali,
1452 4785 1515 4842 quat
1529 4775 1605 4826 extat
1620 4771 1709 4839 MSS,
1732 4773 1744 4829 I
1767 4784 1844 4826 anno

1049 4844 1239 4917 pontificatus.
1269 4865 1281 4893 ι
1302 4842 1392 4900 tidem
1413 4840 1550 4897 officiales
1564 4840 1664 4922 ipsius,
1679 4848 1708 4897 tc
1726 4856 1759 4899 ec
1772 4856 1842 4897 con·

1047 4923 1164 4972 ventum
1186 4923 1264 4971 tuum
1287 4913 1453 4985 impediunt,
1480 4925 1632 4984 quominus
1653 4913 1747 4983 possis
1773 4925 1843 4971 eor·

1048 5000 1173 5113 gregare
1193 4984 1344 5058 synodum,
1367 4982 1511 5065 celebrere
1534 4981 1701 5109 capitutum,
1717 4983 1842 5056 etjuris·

1068 5058 1201 5115 ictronern
1233 5055 1408 5127 spiritualem
1441 5068 1470 5109 tn
1507 5052 1560 5109 sub
1582 5055 1627 5110 rtis
1659 5056 1845 5111 monasteriis

1047 5142 1199 5207 exercere,
1229 5126 1400 5183 bnteiicium
1429 5123 1615 5181 restitutionis
1640 5124 1669 5180 in
1697 5125 1845 5198 integrum

1048 5198 1234 5272 postulantes,
1250 5205 1304 5255 etc.

1084 5286 1124 5361 (1)
1152 5286 1344 5354 Qttcruntdont
1374 5284 1537 5341 litterarum
1559 5284 1784 5355 prascriptione.
1812 5288 1845 5342 ln

1045 5392 1107 5449 reg.
1137 5376 1264 5443 Honorii,
1287 5373 1335 5430 lib.
1359 5376 1383 5442 I,
1410 5373 1526 5446 legitur,
1550 5373 1718 5443 quibusdum
1734 5373 1844 5430 littero·

199 5485 276 5554 pisse
301 5452 445 5551 profitetur,
470 5494 505 5534 cx
529 5482 616 5537 reteri
639 5480 793 5553 diplomate
819 5481 993 5541 fundationis
1046 5463 1319 5533 ''nmtfflmffll’m-
1354 5461 1409 5519 sed
1428 5476 1524 5534 ⁰1³0?oe
1542 5463 1664 5535 Pffl‘ium
1703 5468 1747 5519 ⁰³¹
1767 5462 1841 5519 ”¹¹⁰⁶

198 5554 274 5609 circo
291 5566 396 5607 utrrrutn
412 5550 475 5616 (103,
491 5551 566 5622 ‹pnutl
586 5552 705 5609 retertur
731 5554 759 5609 in
780 5555 868 5609 Turno
886 5557 898 5613 Ι
919 5558 989 5612 Con·
1046 5568 1128 5626 grain
1141 5551 1328 5621 Decrctnlern,
1341 5566 1377 5608 ex
1392 5565 1447 5623 qua
1460 5548 1642 5624 desumptum
1657 5558 1701 5607 cst
1713 5549 1769 5607 boc
1792 5567 1842 5608 co·

198 5624 330 5681 citiorum
342 5622 462 5692 iupiter,
475 5625 607 5681 alounne
621 5624 884 5697 Spelutunnoodito.
899 5626 990 5683 ibbo·
1047 5650 1095 5716 [pp
1115 5656 1257 5717 pppfflppse
1276 5655 1311 5697 ep
1333 5640 1408 5699 pipp,
1429 5638 1477 5697 pp,
1499 5642 1596 5713 prm,
1620 5640 1685 5712 quia
1706 5639 1843 5713 quedam
