3952 6188
95 322 163 387 7¹49
536 318 581 382 IN
603 316 941 393 QUADRAGESIMA.
964 315 1170 385 Domitian
1190 317 1335 383 PRIMA.
1697 324 1757 388 ¹750

96 480 268 553 arentia,
286 475 417 557 quando
436 477 541 544 dixit:
567 477 721 542 suentes
735 479 859 541 bonnm
872 475 907 538 et
961 475 997 538 in
1015 479 1157 556 bearm-
1175 480 1270 553 Lao„
1295 495 1325 542 o.
1341 481 1371 554 l,
1387 479 1428 542 ad
1447 478 1567 544 nerbas
1584 483 1755 553 Quomodo

95 584 254 642 maium
278 577 430 641 Avaritia
452 577 542 639 enim
564 588 631 637 non
650 576 758 639 solum
777 575 908 653 cupidi·
959 576 1019 648 liet
1033 577 1127 638 istnet
1128 620 1188 637 .....
1208 577 1287 654 qula
1302 578 1452 654 quamvis
1467 578 1626 641 Dominus
1640 581 1754 657 aliquo

94 674 185 738 tatis
208 676 271 746 est,
294 674 470 736 sedetiam
484 674 637 737 scientiae·
655 674 688 736 et
706 672 903 746 altitudinis,
959 674 1107 748 tempore
1122 676 1337 736 conversatus
1351 676 1548 738 fueritsiout
1559 677 1656 739 homo
1667 677 1755 740 iuter

97 772 197 835 sieut
215 772 296 834 dicit
312 771 428 834 beatus
450 772 685 848 ansgarium«
707 774 787 832 Cum
806 784 905 848 supra
959 769 1122 842 nominee,
1148 771 1367 833 nihilominus
1390 774 1463 835 erat
1485 773 1521 834 in
1542 774 1637 848 eaelo,
1668 776 1754 839 siout

97 870 246 932 modum
260 868 449 932 sublimitas
471 869 662 931 ambitur.»
682 870 718 930 Si
739 869 905 930 enimnon
958 868 1039 945 ipse·
1054 868 1139 930 dixit
1159 869 1385 932 Nionodemo:
1412 876 1524 935 Nemo
1543 874 1697 935 aseendit
1715 878 1754 936 in

96 968 143 1030 ad
180 967 363 1029 avaritiam
390 967 527 1029 honoris
559 967 678 1044 rapina
705 966 902 1044 pertineret,
958 962 1351 1046 earumipsarum).
1374 968 1557 1031 Undeoum
1570 972 1667 1034 mulli
1684 975 1754 1033 An-

96 1076 320 1142 nequaquam
331 1063 448 1129 beatus
458 1064 582 1127 Paulus
594 1064 636 1125 de
651 1063 904 1139 unigenitoiilio
958 1062 1109 1137 gelorum
1129 1063 1358 1140 ignoraverint
1380 1065 1505 1143 aliquid
1530 1067 1570 1128 de
1593 1071 1753 1129 lucarna-

96 1163 236 1224 dioeret
245 1184 259 1222 ε·
270 1164 351 1224 Non
373 1165 537 1236 rapinam
554 1163 746 1224 arbitratus
761 1162 814 1223 est
830 1172 905 1229 esse
957 1160 1048 1221 tione
1060 1160 1131 1230 Ilei,
1144 1160 1211 1237 ipsi
1224 1161 1374 1223 videntes
1387 1178 1462 1223 eum
1474 1163 1510 1224 in
1523 1164 1637 1226 habitu
1648 1165 1752 1226 liomi·

97 1275 139 1322 se
154 1263 405 1334 aequaoembeo
414 1258 552 1339 (Philip.
568 1274 605 1331 11,
615 1258 661 1339 6).
676 1261 717 1321 nt
730 1259 809 1320 nota
817 1258 903 1335 quod
957 1256 1011 1321 nis
1031 1257 1159 1319 intrare
1181 1260 1367 1321 Jerusalem
1390 1260 1568 1333 coelestem,
1594 1263 1752 1324 commoti

99 1355 184 1418 dum
201 1356 302 1418 homo
317 1357 415 1419 estin
431 1356 564 1418 mortali
581 1357 728 1432 peceato,
750 1354 903 1417 diabolus
957 1355 1036 1415 sunt
1058 1354 1227 1417 meantes:
1252 1359 1334 1423 ants
1352 1358 1405 1419 est
1425 1359 1491 1421 iste
1513 1362 1573 1432 qni
1590 1360 1686 1421 uenit
1708 1363 1751 1422 de

96 1469 169 1515 non
186 1454 296 1516 tentat
308 1470 396 1526 eum,
411 1454 498 1516 siout
516 1453 546 1514 si
565 1455 653 1515 esset
668 1454 741 1515 sine
755 1453 901 1530 peceato,
955 1454 1067 1513 amm
1082 1451 1198 1514 tinctis
1211 1455 1362 1515 vestibus
1378 1457 1420 1515 de
1440 1458 1574 1516 Basra?
1596 1456 1660 1518 iste
1674 1458 1751 1529 for·

96 1551 183 1628 quia
203 1550 308 1613 habet
327 1566 403 1613 eum
424 1551 584 1613 tenutam
600 1551 635 1613 et
657 1551 807 1627 ligatum,
823 1549 902 1627 quia
955 1561 1073 1611 mosns
1085 1551 1518 1627 instotasuapradiensta
1532 1554 1751 1616 multitudiue

97 1647 159 1724 qui
175 1647 269 1710 leuit-
283 1650 455 1725 peccatum
469 1663 585 1710 servus
603 1648 806 1725 estpeoeati,
823 1647 902 1724 quia
955 1646 1100 1707 virtutis
1112 1661 1187 1709 surr
1202 1646 1258 1726 (Is.
1274 1663 1368 1720 uxru,
1386 1646 1432 1728 1).

94 1746 244 1821 peecata
267 1745 382 1807 tenent
400 1761 477 1807 eum
498 1745 637 1821 ligatum
656 1746 690 1808 et
712 1761 780 1806 nou
799 1744 900 1817 videt,
993 1745 1106 1806 Edoni
1118 1744 1356 1821 interpretatur
1378 1746 1582 1820 sanguineus
1601 1747 1659 1808 aut
1676 1746 1749 1809 ter·

94 1842 131 1903 et
144 1840 210 1903 vix
229 1842 424 1919 permittant
442 1857 518 1904 eum
538 1842 649 1905 iacere
667 1842 813 1919 aliquam
835 1841 899 1903 bo·
954 1857 1073 1913 renus,
1100 1843 1134 1904 et
1160 1841 1326 1918 significat
1358 1842 1515 1903 mnndum
1548 1843 1665 1914 istum,
1694 1842 1750 1922 qui

95 1954 179 1999 nam
212 1939 459 2015 operationem,
487 1940 574 2002 siout
602 1939 683 2001 dicit
712 1939 897 2001 Salomon:
953 1940 1749 2016 totussangmneusestetnrrenus.sanguineus

95 2037 312 2109 iniquitates
336 2050 412 2098 suae
434 2038 578 2113 rapiant
603 2040 751 2113 impiam
777 2037 812 2099 et
840 2038 900 2110 tn·
954 2040 1005 2100 est
1020 2038 1077 2116 qui
1089 2054 1110 2100 a
1122 2038 1284 2113 sanguine
1294 2038 1378 2115 justi
1392 2036 1471 2099 Abel
1485 2053 1589 2114 usque
1607 2039 1647 2099 ad
1661 2039 1751 2100 huno

95 2135 205 2195 attins
231 2135 452 2208 peooatornni
481 2150 632 2197 sitorum*
659 2133 900 2210 oonstrinpnnt
954 2135 1040 2197 diem
1057 2135 1198 2196 mundus
1218 2135 1336 2212 plenus
1358 2137 1408 2196 est
1431 2135 1593 2211 sanguina
1615 2137 1750 2197 sancto-

97 2226 221 2308 (Prov.
234 2242 269 2299 v,
281 2229 348 2311 22).
361 2233 401 2292 Et
413 2232 612 2306 Gregorius:
628 2230 899 2306 ‹Reatusoulpae
954 2249 1038 2304 rum,
1056 2233 1142 2294 siout
1157 2232 1299 2308 legimus
1310 2232 1346 2292 in
1359 2231 1485 2309 psalmo
1509 2253 1517 2292 z
1541 2234 1751 2307 Effuderunt

95 2325 187 2402 ligat
202 2327 357 2399 mentem,
371 2343 415 2389 ne
429 2341 567 2403 surgere
579 2326 684 2404 possit
701 2326 743 2388 ad
761 2327 900 2388 rectitu-
952 2332 1159 2405 sanquinem
1171 2329 1372 2390 sanctoruni
1385 2329 1474 2390 sient
1488 2343 1615 2403 aquarn
1627 2332 1664 2390 in
1678 2331 1750 2390 etr-

94 2422 264 2486 dinem.»
308 2434 310 2438 ⁴
952 2427 1048 2488 onita
1068 2429 1272 2497 tenuatam,
1286 2427 1319 2487 et
1337 2441 1407 2487 non
1421 2427 1500 2488 erat
1515 2429 1575 2499 qni
1588 2427 1750 2501 sepeliret

138 2520 328 2582 Sciendum
347 2520 402 2582 est
428 2520 515 2598 quod
538 2520 725 2599 baptizalus
748 2522 899 2585 Christus
954 2520 1024 2602 (Ps.
1049 2525 1107 2596 78,
1123 2522 1170 2602 3).
1193 2522 1391 2585 Effuderunt
1412 2523 1609 2600 sanguinem
1627 2524 1749 2587 multo·

93 2612 220 2677 statim
239 2615 331 2677 vadit
353 2614 577 2703 indisertum
597 2616 718 2679 dueatu
742 2618 896 2695 Spiritus.
952 2636 1028 2683 rum
1059 2622 1265 2692 sanctorum,
1304 2620 1459 2683 Videlicet
1494 2620 1746 2697 Prophetarum,

95 2711 167 2772 Sed
189 2727 211 2772 a
232 2728 296 2790 quo
315 2713 446 2789 spiritu,
469 2715 576 2776 Lucas
595 2714 742 2792 apertius
763 2716 899 2793 exponit
951 2718 1196 2796 Apostolorum,
1213 2719 1407 2796 martyrum,
1423 2717 1590 2794 virginum
1605 2719 1638 2780 et
1656 2718 1747 2781 alio-

94 2808 231 2878 dieens,
245 2810 332 2887 quod
341 2811 439 2871 Jesus
448 2811 567 2887 plenus
580 2812 705 2889 Spiritu
717 2814 836 2875 Sancto
850 2829 899 2875 re·
951 2832 1025 2877 rum
1038 2816 1280 2887 sanctorumet
1294 2816 1491 2891 sanguinem
1503 2813 1594 2877 illius
1609 2815 1748 2891 pretiosi

94 2921 239 2981 gressus
254 2908 305 2970 est
319 2922 339 2968 a
355 2908 499 2969 Jordane
514 2909 547 2970 et
565 2908 684 2971 deinde
702 2909 833 2972 subdit:
857 2913 898 2972 Et
950 2913 1036 2989 Agni
1063 2913 1278 2985 immaculati,
1307 2914 1364 2990 qui
1396 2913 1514 2974 effudit
1548 2913 1747 2989 sanguinem

95 3002 266 3079 agebatur
279 3004 315 3065 in
329 3003 459 3067 deserto
480 3020 500 3065 a
519 3005 644 3082 Spiritu
665 3006 728 3069 lroo
742 3007 893 3080 oonsilio,
951 3025 1048 3070 suum
1059 3025 1119 3088 pro
1133 3010 1359 3086 redemptione
1373 3011 1499 3071 nostra.
1513 3013 1624 3071 Edam
1635 3009 1747 3085 signi-

97 3100 137 3161 ut
148 3099 321 3163 diabolum
343 3103 549 3177 provocaret.
565 3104 641 3164 Non
655 3106 707 3166 est
719 3105 810 3169 enim
830 3121 896 3182 pu·
950 3107 1028 3168 iloat
1049 3106 1208 3168 mundum
1223 3107 1322 3167 istum
1342 3106 1524 3177 terrenum,
1541 3106 1620 3183 quia
1634 3106 1746 3168 omnia

95 3196 251 3270 tandum,
264 3197 350 3275 quod
363 3198 556 3262 violentiam
570 3200 738 3263 intulisset
751 3202 897 3263 immun·
950 3204 1123 3267 nascentia
1146 3203 1359 3264 revertuntur
1382 3201 1568 3274 interram,
1594 3202 1628 3263 et
1647 3202 1745 3278 quasi

97 3292 161 3353 dus
188 3294 326 3370 spiritus
357 3295 409 3356 illi
436 3298 493 3373 qui
522 3297 649 3374 Spiritu
675 3298 796 3359 Sancto
824 3298 897 3359 eret
951 3299 992 3360 ad
1005 3299 1147 3359 nihilum
1160 3297 1367 3373 rediguntur,
1380 3295 1558 3359 sioutdioil
1571 3298 1746 3359 Salomone

97 3389 231 3466 plenus.
257 3392 350 3453 Unde
369 3393 494 3465 sciatis,
517 3393 604 3469 quod
626 3393 766 3469 quilibet
782 3393 895 3455 obris-
956 3395 1030 3457 Vidi
1056 3395 1179 3457 cuneta
1203 3410 1279 3469 qnae
1302 3395 1392 3467 stunt
1417 3397 1480 3456 said
1506 3400 1587 3466 sote,
1608 3396 1642 3456 et
1669 3409 1746 3457 ecoe

96 3486 623 3567 tianusstatimpostbaptismum
633 3488 898 3553 mundumllebet
950 3494 1116 3553 universa
1145 3492 1284 3553 partitas
1308 3491 1342 3552 et
1364 3492 1506 3565 afflietio
1537 3491 1685 3565 spiritns
1711 3491 1748 3553 et

97 3585 301 3661 postponere
314 3586 347 3647 et
361 3588 434 3663 ejus
459 3585 661 3648 desiderium
686 3588 894 3650 conculcare.
950 3591 1021 3650 vidi
1041 3591 1216 3651 napinam
1234 3588 1499 3664 peniianenteni
1511 3590 1573 3651 snb
1589 3593 1658 3661 sote
1673 3584 1749 3667 (lio-

98 3681 232 3759 lttquia
245 3680 395 3744 diabolus
404 3683 522 3745 videns
532 3684 770 3747 eoderelictum
784 3685 895 3747 statim
950 3685 1029 3747 cles.
1049 3683 1152 3764 1‚14)·
1173 3747 1177 3754 ,

97 3779 295 3855 aggreditur
321 3778 364 3840 ad
384 3780 578 3842 tentandum
596 3782 776 3843 secundum
802 3782 895 3844 illam
987 3788 1101 3846 Basra
1121 3782 1359 3860 iuterpretatur
1381 3783 1508 3846 munita
1531 3783 1565 3845 et
1583 3782 1690 3857 firma,
1710 3784 1750 3847 etv

99 3875 300 3939 sententiam
307 3877 494 3941 Salomonis
507 3879 544 3940 in
559 3894 623 3955 qua
636 3879 700 3941 ait:
713 3883 791 3953 Fili,
805 3895 897 3943 aare·
949 3881 1114 3958 significet
1137 3881 1315 3953 internum,
1336 3879 1393 3942 ubi
1416 3880 1557 3943 firmiter
1570 3883 1667 3959 quasi
1681 3881 1745 3942 sub

98 3974 182 4035 dens
202 3977 247 4035 ad
264 3976 470 4037 servitutem
487 3979 562 4048 Det,
587 3976 643 4038 sta
661 3981 698 4039 tn
717 3978 842 4040 timore
860 3979 895 4041 et
949 3979 1060 4040 mullis
1076 3978 1266 4040 custodibus
1281 3979 1402 4043 animer
1417 3979 1628 4040 tenebantur.
1644 3979 1746 4040 Venit

98 4084 266 4145 praepara
288 4076 443 4135 aldirnam
472 4074 570 4136 tamn
598 4077 644 4136 ad
668 4074 894 4139 tentationem
948 4093 1027 4153 ergo
1050 4077 1200 4137 Christus
1221 4075 1263 4137 de
1285 4079 1406 4147 Edoni,
1431 4074 1532 4147 idest,
1556 4074 1743 4136 demando

101 4162 239 4244 (becles.
255 4184 293 4241 11,
308 4167 351 4248 l).
363 4170 497 4232 Scilicet
504 4170 623 4247 quibus
633 4172 741 4233 modis
751 4173 893 4249 primum
947 4174 1011 4235 isto
1035 4173 1218 4248 sanguineo
1234 4174 1267 4235 et
1280 4174 1424 4246 terreno,
1447 4172 1560 4234 tinctis
1581 4173 1744 4245 vestibus

101 4260 269 4329 hominem
290 4267 419 4339 auaui,
444 4267 569 4329 eisdem
588 4268 694 4330 modis
713 4269 892 4330 seeundum
948 4269 1043 4342 idest,
1058 4269 1207 4345 eorporis
1224 4269 1392 4341 membris,
1407 4269 1503 4345 quasi
1518 4268 1643 4331 diceret
1656 4284 1743 4330 san-

100 4357 277 4428 hominem.
299 4364 433 4427 tentam
464 4363 651 4427 succubuit.
687 4369 753 4427 Per
780 4367 893 4442 gulam
947 4368 1153 4444 pninoientis
1164 4364 1631 4435 mentirisveuitdeBosra,
1644 4363 1744 4437 idest,

103 4458 221 4538 quippe
235 4461 387 4535 tentavit,
401 4477 476 4523 oum
489 4462 591 4525 dixit:
604 4465 761 4524 Sti'ilins
770 4466 834 4525 Det
843 4480 891 4536 es,
948 4465 988 4525 de
1007 4463 1137 4525 interno
1162 4461 1313 4540 spoliato,
1331 4460 1463 4537 quando
1485 4459 1600 4523 eduxit
1613 4460 1742 4524 vinctos

102 4557 153 4617 dio
164 4559 205 4618 at
215 4562 345 4633 lapides
356 4561 415 4621 isti
419 4574 530 4636 panes
540 4561 627 4631 fiant
640 4558 771 4639 (Manu.
785 4575 834 4633 111,
845 4558 891 4639 3).
948 4561 988 4622 de
1009 4560 1083 4621 lacu
1108 4558 1163 4620 ubi
1185 4575 1251 4619 non
1272 4560 1345 4619 erat
1359 4573 1456 4634 aqua,
1471 4556 1558 4618 siout
1571 4556 1693 4634 legitur
1706 4559 1743 4621 in

103 4652 166 4714 Per
192 4654 404 4718 sublimitatis
432 4657 608 4719 avaritiam
633 4658 788 4731 tentavit,
818 4673 893 4719 oum
947 4657 1107 4720 Zacharia
1140 4678 1147 4717 :
1181 4660 1225 4717 In
1248 4657 1417 4731 sanguine
1452 4654 1667 4717 testamenti.
1690 4657 1744 4719 ini

103 4752 211 4814 omnia
236 4769 341 4831 regna
366 4755 482 4815 mundi
509 4755 654 4817 ostendit
680 4756 724 4827 ei,
754 4755 890 4817 dioens:
947 4756 1099 4818 ademisti
1113 4754 1300 4816 otnetosote
1314 4755 1543 4816 maurinos
1562 4752 1743 4830 erataqna

103 4848 183 4912 Haec
197 4854 314 4917 eninm
331 4853 392 4914 tibi
408 4854 505 4923 dabo,
520 4855 553 4913 si
565 4855 750 4927 mandens
766 4857 894 4916 adora
949 4852 1060 4934 (zach.
1077 4868 1124 4925 ix,
1142 4849 1207 4931 11).

103 4952 194 5010 veris
215 4964 271 5010 me
296 4946 393 5028 (lbid.
414 4965 465 5022 111,
487 4947 534 5028 9).
561 4952 600 5011 Si
621 4954 731 5013 intas
757 4953 822 5013 Dei
843 4966 890 5025 es,
986 4952 1057 5014 Iste
1074 4954 1248 5025 sorniosns
1267 4951 1306 5010 tn
1325 4947 1413 5010 stota
1432 4962 1508 5010 sna.
1530 4950 1578 5010 De
1598 4948 1658 5011 tali
1674 4949 1748 5012 lor-

105 5056 230 5123 semper
243 5046 394 5109 diabolus
408 5047 529 5124 repetit
542 5046 843 5127 hesternumque
857 5050 892 5110 in
946 5049 1100 5111 mositate
1115 5047 1194 5109 dioil
1208 5045 1333 5107 David:
1348 5049 1529 5121 speciosus
1541 5048 1657 5120 [muna
1665 5062 1745 5121 prce

104 5136 163 5203 hoo
179 5158 239 5205 sua
254 5146 328 5209 erat
342 5145 496 5217 intentio,
512 5147 549 5209 ut
563 5144 764 5221 intelligeret
778 5148 894 5208 lucar-
946 5150 1026 5222 filiis
1048 5148 1226 5209 hominurn
1250 5141 1320 5222 (Ps.
1339 5146 1389 5215 44,
1405 5143 1451 5224 3).
1467 5148 1511 5205 In
1530 5144 1628 5212 stota,
1644 5143 1742 5215 idest,

104 5240 243 5303 nationis
264 5242 469 5319 mysterium.
486 5243 562 5304 Non
578 5243 706 5306 tantum
721 5243 888 5306 daemones
947 5246 981 5306 in
992 5244 1108 5306 habitu
1121 5242 1354 5317 humanitatis3
1368 5243 1580 5318 praetensio
1590 5240 1744 5301 multita-

105 5348 167 5399 non
193 5340 372 5416 potuerunt
403 5339 592 5416 intelligere
625 5341 892 5404 incarnationem
946 5347 1025 5405 dine
1045 5341 1187 5404 uirtutis
1209 5339 1416 5413 siceaidest,
1441 5336 1647 5414 inpotentia
1672 5350 1742 5398 suae

105 5431 178 5497 Filii
200 5437 272 5510 Dei,
294 5437 352 5500 sed
378 5438 412 5499 et
438 5452 559 5513 magna
585 5450 663 5514 pars
689 5439 892 5514 Angelorum
946 5439 1141 5503 divinitatis.
1157 5438 1293 5515 Angelis
1312 5434 1496 5498 tacentibus
1511 5433 1583 5509 ipse
1602 5447 1745 5509 respon-

105 5534 241 5597 nesoivit
253 5534 341 5612 quod
354 5534 461 5597 Filius
479 5535 539 5597 Dei
555 5533 662 5599 faetus
674 5535 775 5624 tuerit
793 5537 892 5600 homo
946 5538 1013 5601 dit:
1027 5542 1100 5614 Epo
1113 5552 1193 5599 sani
1206 5539 1265 5610 qni
1278 5531 1582 5608 loquorp'asttttuna
1594 5532 1743 5595 reddens

106 5632 344 5702 pronominum
364 5632 600 5713 redemptione.
612 5632 840 5705 Ambros.,llb.
863 5638 891 5697 ll
945 5638 1130 5709 icrrnntqne
1148 5635 1335 5697 senerrdann
1358 5643 1465 5704 opera
1482 5642 1565 5704 sam
1583 5641 1646 5706 epo
1663 5644 1742 5692 narn
