3952 6188
96 240 170 320 :793-
547 238 892 316 QUADRAGESIMAE
912 239 1119 304 DOMINIGA
1140 245 1319 317 QUARTA.
1694 253 1754 315 rel

89 398 202 462 uerit
220 399 259 463 in
283 397 498 482 moliendum
516 407 691 464 malmmm
711 414 775 463 con
777 399 905 463 ttemne
958 401 1124 479 corporis,
1154 404 1212 482 qui
1237 405 1324 469 livor
1352 404 1514 484 abstergit
1539 404 1639 481 mala,
1668 406 1755 470 idest

109 495 222 577 (Ριοι.
242 510 338 569 ιιιιι,
354 495 399 576 3).
416 498 470 560 Fit
487 513 568 561 ιθιο
589 513 849 576 nonnunquam,
868 498 905 559 ut
959 502 1105 576 peccatu.
1121 503 1167 564 nt
1176 505 1313 580 plopae'
1304 521 1340 566 m
1361 505 1597 568 secretioribus
1614 505 1753 578 ventris,

108 594 180 656 liaeo
205 593 319 655 omnia
345 594 501 657 similiter
526 595 770 657 confessionem
797 595 905 673 impe-
960 594 1054 669 idest,
1071 599 1227 662 contritio
1241 602 1273 662 et
1290 601 1480 666 humiliatio
1494 603 1726 681 poenitentiae'
1717 618 1752 663 m

110 691 212 753 diant.
228 690 293 752 Sed
304 691 378 768 quis
388 693 565 769 quatuor''
542 710 585 755 ns
601 694 710 764 malis,
726 693 846 755 ιθοιθ
833 708 904 769 Jam
959 694 1193 758 secretioribus
1203 696 1324 759 animae
1334 699 1528 777 abstergunt
1540 700 1639 772 mala,
1656 700 1753 772 idest,

113 789 146 850 in
164 792 378 851 monumento
394 792 495 866 jacet,
518 790 553 852 et
569 791 661 852 velut
679 791 738 851 ille
755 806 903 866 evange·
958 791 1105 867 peccata.
1129 794 1348 857 Comminatio
1373 798 1423 858 est
1438 797 1570 875 quando
1596 797 1755 874 praelatus

109 886 195 947 licus
241 886 482 964 quatriduanus
520 888 624 965 putet.
659 888 823 964 Scriptum
854 886 906 949 est
959 888 1103 951 ostendit
1125 890 1158 952 ot
1181 890 1333 968 praedicit
1348 892 1547 956 infernalem
1569 894 1757 956 damnatio-

108 983 212 1045 enim:
226 998 246 1043 s
259 986 288 1046 A
302 985 443 1059 mortuo,
464 985 557 1047 velut
572 986 628 1064 qui
648 1000 716 1047 non
732 985 794 1058 est,
816 985 903 1062 perit
959 1002 1046 1047 nem.
1064 985 1158 1048 Unde
1186 987 1303 1050 sibilla
1316 1011 1324 1049 ε
1338 1006 1356 1050 e
1370 991 1630 1068 Tartareumque
1651 992 1754 1053 cbaos

100 1080 283 1145 confessio.
299 1097 318 1141 ι
958 1084 1156 1147 monstrabit
1167 1085 1258 1148 terra
1269 1086 1446 1148 dehiscens
1460 1086 1581 1160 »idest
1600 1088 1756 1150 scindens

145 1180 231 1242 Sunt
251 1179 363 1241 antem
386 1179 582 1258 apponenda
604 1180 721 1243 contra
743 1180 903 1258 pudorem
958 1196 995 1242 se
1011 1181 1156 1244 ostendit
1168 1183 1353 1245 tartareum
1367 1184 1481 1256 chaos,
1502 1183 1598 1256 idest,
1621 1186 1758 1261 voragi-

107 1275 329 1339 consideratio
355 1277 509 1351 rationis,
536 1278 726 1341 reverentia
742 1277 904 1340 intuentis
958 1294 1034 1343 nem
1056 1278 1275 1353 infernmum,
1301 1280 1389 1343 sicut
1407 1281 1490 1344 dicit
1508 1281 1638 1343 David:
1661 1283 1758 1344 Pluit

99 1373 175 1447 Dei,
192 1374 398 1452 comparatio
413 1375 550 1454 majoris
563 1375 779 1437 confusionis.
799 1374 904 1437 Simi—
957 1391 1065 1452 super
1075 1379 1275 1452 peccatores
1288 1383 1436 1452 maneos,
1453 1380 1758 1456 ipnis,sulpltur,et

108 1470 184 1534 liter
207 1471 323 1535 contra
345 1471 499 1534 timorem
518 1473 715 1551 apponenda
730 1473 903 1534 suntuia:
958 1475 1105 1549 spiritus
1128 1479 1363 1550 procellarum
1386 1491 1473 1552 pars
1495 1478 1611 1539 calum
1635 1491 1758 1540 eorum

108 1584 206 1647 qrram
224 1568 268 1630 sit
286 1568 388 1646 longa
405 1586 504 1648 poena
525 1570 660 1643 inferni,
674 1586 775 1649 quam
790 1570 904 1647 gravis
959 1568 1029 1651 (Ps.
1047 1572 1096 1643 10,
1112 1568 1159 1650 7).

107 1665 367 1740 stinfructuosa,
381 1667 625 1730 etecontrario
638 1666 906 1745 praesentistem·
999 1669 1159 1731 Dominus
1183 1667 1269 1747 pluit
1280 1668 1416 1746 laqueos
1438 1670 1755 1747 superpeocatcres,

105 1763 195 1843 poris
208 1763 413 1841 poenitentiae
424 1780 522 1842 quam
535 1764 646 1827 brevis
659 1765 713 1839 sit,
730 1781 830 1842 quam
848 1765 903 1826 le·
957 1764 1055 1838 idest,
1071 1766 1263 1843 laqueantia
1283 1765 1448 1828 tormenta
1468 1782 1569 1844 super
1580 1767 1755 1829 damnatos

107 1860 168 1934 vis,
193 1876 294 1939 quam
316 1859 497 1924 fructuosa.
521 1862 641 1924 Contra
661 1878 753 1938 spem
773 1870 904 1939 quoque
957 1863 994 1924 in
1007 1862 1151 1924 inferno.
1168 1865 1347 1925 Tormenta
1359 1864 1515 1925 dicuntur
1538 1863 1661 1941 laquei,
1677 1865 1757 1941 quia

107 1957 183 2020 inde
203 1958 399 2036 opponenda
411 1960 489 2021 sunt
500 1959 565 2022 tria
581 1959 730 2036 scilicet;
746 1958 833 2021 bona
847 1959 903 2020 fu·
958 1961 1006 2022 sic
1020 1960 1175 2037 affiigrmt
1186 1961 1333 2023 animam
1347 1960 1381 2021 θι
1400 1976 1532 2038 corpus,
1548 1962 1585 2023 ut
1608 1977 1674 2024 non
1692 1978 1758 2038 pa-

105 2056 174 2118 turi
192 2056 308 2117 saeouli
328 2057 504 2134 praesentis
522 2057 600 2119 uitae
623 2056 720 2119 bonis
746 2057 901 2130 certiora,
956 2059 1170 2120 tiantureum
1182 2074 1203 2119 a
1217 2056 1388 2119 laboribus
1410 2058 1505 2120 solvi.
1522 2059 1650 2121 Etnota
1670 2059 1757 2136 quod

108 2151 323 2215 durabiliora.
349 2153 514 2231 Quidquid
534 2170 615 2215 vero
636 2154 673 2215 in
692 2153 756 2215 hoc
781 2154 903 2215 mundo
958 2155 1082 2218 dicitur
1095 2156 1191 2232 pluit,
1206 2155 1285 2232 quia
1299 2155 1386 2217 sicut
1399 2154 1514 2232 pluvia
1525 2154 1675 2216 funditur
1695 2172 1757 2216 su·-

100 2249 294 2312 desiderari
313 2252 422 2327 potest
439 2251 603 2313 incertum
617 2250 712 2313 estet
725 2249 902 2324 modicum,
958 2253 1157 2330 perterram
1183 2251 1220 2312 in
1241 2252 1354 2313 multis
1380 2252 1494 2328 guttis,
1518 2252 1567 2314 ita
1593 2251 1758 2313 tormenta

106 2347 142 2409 st
153 2348 191 2410 ut
205 2347 252 2409 ita
265 2346 384 2418 dicam,
401 2346 679 2409 momentaneum.
958 2349 1134 2412 mittuntur
1145 2349 1182 2410 in
1193 2349 1352 2427 reprobos
1368 2348 1666 2429 innumerabilibus
1681 2364 1757 2428 poe·

145 2444 199 2506 lte
216 2445 332 2506 contra
345 2442 611 2521 desperationem
623 2445 691 2507 tria
705 2445 783 2507 sunt
796 2460 903 2522 oppo·
956 2446 1023 2508 nis.
1038 2446 1132 2510 Unde
1158 2446 1298 2510 dicitur·
1313 2447 1415 2523 Ignis,
1440 2446 1582 2524 sulphur
1582 2490 1645 2508 .....
1666 2447 1757 2523 ignis

102 2539 240 2602 nenda.
267 2541 366 2602 Prius
378 2556 475 2617 vigor
492 2558 589 2620 quem
610 2542 751 2603 assumit
765 2558 808 2603 οι
819 2558 903 2603 con·
959 2545 1087 2606 cruciat
1114 2545 1253 2618 ardore,
1283 2543 1424 2621 sulphur
1450 2544 1592 2617 factore,
1621 2544 1759 2622 spiritus

104 2637 265 2710 fossione,
279 2638 389 2714 gratia
408 2638 581 2716 Deiquam
594 2655 663 2700 non
681 2639 840 2702 moeretur
862 2655 905 2701 θι
957 2641 1202 2720 procellarum,
1239 2641 1337 2714 idest,
1373 2642 1494 2704 ventus
1523 2641 1758 2723 tempestatum

95 2734 308 2808 bumilitate,
324 2720 585 2814 auxiliumquod
597 2735 698 2799 habet
710 2738 835 2814 exejus
850 2737 904 2798 cui
953 2739 1149 2816 jactatione,
1162 2739 1319 2817 quoniam
1329 2738 1621 2817 jactatdamnatos
1634 2739 1676 2800 de
1691 2754 1758 2801 nno

105 2832 286 2896 confitetur
309 2834 553 2911 compassione,
570 2850 701 2912 semper
714 2834 803 2897 enim
818 2849 904 2896 com·
957 2836 1030 2898 loco
1059 2835 1100 2897 ad
1126 2836 1242 2908 aliurn,
1271 2836 1358 2899 sicut
1378 2835 1459 2899 dicit
1481 2835 1569 2899 iob
1573 2839 1632 2898 Ab
1657 2839 1759 2911 aquis

105 2929 220 3008 passio
235 2930 503 2994 ducithominem
517 2931 560 2993 ad
572 2931 811 3009 poenitentiam.
824 2932 903 2995 Tria
956 2937 1030 2996 niet
1031 2950 1092 2996 um
1122 2934 1320 3007 transibuut
1346 2936 1392 2994 ad
1420 2938 1580 2995 calorem,
1595 2935 1756 2995 nimium.

100 3027 186 3089 sunt
218 3028 255 3089 ιιι
284 3028 480 3105 poenitentia
511 3029 774 3091 consideranda:
809 3029 903 3091 dolor
957 3028 1505 3111 (lob.xx1v,1tl).iltbaecomnia
1524 3030 1601 3091 sunt
1618 3045 1760 3105 parsca-

106 3125 280 3202 prasenti,
293 3125 443 3188 custodia
456 3125 570 3200 futuri,
581 3125 768 3190 satisfactio
776 3126 900 3188 delicti.
956 3127 1043 3200 licis,
1067 3128 1155 3189 idest
1180 3127 1346 3204 passionis
1372 3141 1499 3187 eorum.
1519 3128 1560 3188 Et
1573 3127 1652 3188 nota
1671 3127 1758 3203 quod

106 3222 210 3285 Dolor
222 3223 354 3301 culpam
369 3223 493 3301 placat,
510 3222 696 3285 satisfactio
710 3224 829 3285 vitium
846 3239 904 3285 sa·
957 3224 1038 3287 dicit
1052 3239 1126 3286 esse
1140 3225 1269 3301 partem
1281 3222 1408 3295 caliois,
1425 3223 1504 3300 quia
1519 3237 1625 3299 pauca
1640 3222 1761 3284 dicun-

97 3334 150 3381 aa
105 3320 343 3392 natcustodia
357 3321 535 3382 sanitatem
558 3320 680 3382 serrat.
703 3323 742 3381 In
756 3320 902 3381 biseus-
956 3322 1012 3384 tur
1038 3321 1079 3382 de
1103 3320 1279 3383 tormentis
1304 3319 1428 3381 inferni
1449 3319 1485 3381 in
1511 3319 1759 3397 comparatione

105 3416 198 3478 todia
213 3416 317 3479 futuri
326 3418 469 3495 primum
478 3417 701 3490 ιοοιιιιιιθιιθι,
716 3417 811 3479 dolor
822 3432 905 3495 prae·
957 3434 1075 3482 eorum
1089 3434 1163 3496 quae
1176 3417 1264 3480 sunt.

100 3514 402 3588 teritisecundum,
412 3514 596 3578 satisfactio
609 3515 723 3577 delicti
737 3515 901 3577 initimum
998 3516 1194 3589 Promissio,
1218 3515 1268 3578 est
1295 3515 1427 3593 quando
1450 3474 1610 3593 praelatus
1638 3515 1759 3592 dignos

99 3613 187 3684 Quas
209 3609 337 3676 tantum
356 3611 497 3690 proficit,
512 3613 672 3690 quantum
689 3613 811 3675 caetera
824 3611 902 3674 effl-
957 3614 1087 3678 fructus
1100 3613 1313 3691 poemtenirae
1314 3612 1514 3676 facientibus
1525 3614 1560 3675 et
1571 3612 1668 3675 bonis
1679 3629 1761 3691 ope-

103 3708 162 3771 ιιι.
178 3710 260 3770 Haec
273 3708 341 3772 tria
355 3710 405 3772 sic
416 3711 589 3789 pensanda
608 3711 686 3773 sunt
699 3710 737 3772 ut
752 3710 796 3773 sit
809 3711 903 3773 dolor
957 3711 1049 3773 ribus
1064 3710 1261 3775 vacantibus
1276 3710 1439 3788 promittit
1460 3710 1564 3773 ritam
1586 3711 1757 3772 aeternam.

103 3805 238 3882 plenus,
254 3807 406 3869 custodia
417 3807 575 3885 perfectu,
591 3807 775 3871 satisfactio
789 3808 901 3901 digna.
958 3810 1123 3884 Quoniam
1139 3809 1273 3871 bomoa
1297 3811 1365 3871 Deo
1381 3809 1514 3870 creatus
1526 3808 1578 3870 est
1589 3808 1630 3869 ad
1645 3808 1760 3885 perci-

66 3970 69 3977 ,
147 3902 338 3966 Consolatio
351 3906 404 3966 est
420 3904 552 3982 quando
566 3904 725 3984 praelatus
739 3906 904 3969 confortat
957 3907 1111 3986 piendam
1123 3906 1265 3983 gloriam
1289 3918 1443 3983 supernae
1458 3904 1700 3975 retributionis,
1723 3904 1760 3965 ut

108 4001 299 4077 peccatores
311 4002 435 4079 positos
445 4002 481 4064 in
493 4002 675 4067 afflictione
685 4004 900 4080 poenitentiae,
956 4004 1131 4068 transferri
1146 4004 1253 4080 possit
1267 4002 1308 4064 ad
1319 4002 1462 4078 gloriam
1472 4001 1656 4063 ooelestium
1669 4016 1762 4063 muu-

109 4097 161 4160 ιθι
172 4098 362 4176 inqualibei
375 4099 443 4161 alia
457 4099 682 4173 tribulatione,
698 4101 752 4163 rel
766 4100 904 4162 infirmi·
957 4102 1100 4163 sionum.
1123 4098 1388 4162 Unde'Dominus
1404 4096 1488 4160 bene
1498 4097 1673 4173 agentibus
1688 4097 1762 4159 dio-

109 4193 186 4269 tate,
202 4196 439 4259 eiconsolatur
453 4212 523 4270 eos,
536 4197 694 4274 quoniam
709 4197 783 4274 pius
798 4198 832 4259 et
845 4199 903 4258 mi·
956 4198 1054 4259 turus
1080 4196 1152 4259 est:
1172 4195 1304 4267 Venite,
1331 4194 1499 4257 benedicti
1525 4194 1649 4256 Patris
1677 4197 1759 4267 met,

101 4293 253 4355 -ssricors
272 4293 432 4356 Dominus
456 4293 603 4356 remittet
629 4294 665 4354 in
689 4293 903 4356 tribulatione
957 4293 1143 4370 perspicite
1158 4306 1307 4369 reanum
1323 4333 1386 4351 .....
1401 4289 1533 4369 (Mattb.
1550 4306 1630 4363 xxv,
1646 4288 1712 4370 34).

102 4391 366 4465 peccata-Unde
380 4391 485 4454 David
502 4391 538 4452 in
561 4406 705 4468 persona
718 4391 904 4469 peccatoris
997 4394 1070 4454 Duo
1084 4405 1163 4453 vero
1183 4388 1293 4466 pisces
1314 4389 1392 4449 sunt
1414 4386 1568 4464 exempla
1589 4387 1760 4463 patientiae

111 4485 206 4550 dicit:
229 4489 425 4551 Samnitum
455 4488 712 4552 multitudinem
746 4491 903 4551 dolorum
958 4489 991 4551 et
1002 4486 1210 4551 obedientiae.
1220 4485 1410 4557 Patientia,
1419 4482 1616 4546 sicutfuitin
1624 4485 1759 4562 loseph,

107 4597 265 4648 meorum
277 4588 525 4648 consolationes
537 4585 617 4659 tuce,
629 4588 785 4658 Domine,
797 4586 905 4659 leatifi-
958 4586 1115 4663 quoniam
1130 4599 1198 4646 non
1211 4581 1357 4644 reddidit
1370 4580 1495 4643 malum
1510 4597 1570 4658 pro
1585 4581 1672 4643 malo
1687 4583 1759 4643 suis

110 4683 276 4745 caverunt
292 4686 450 4745 onmium
471 4698 587 4745 mam
610 4681 680 4763 (Ps.
702 4684 753 4752 93,
777 4681 840 4763 19).
865 4684 905 4745 nt
958 4683 1128 4756 fratribus,
1145 4680 1203 4744 sed
1215 4680 1339 4743 bonum
1351 4695 1411 4757 pro
1425 4679 1513 4741 malo
1530 4679 1685 4743 retribuit
1697 4681 1759 4755 eis,

110 4779 225 4842 Estlier
241 4797 286 4840 :s
307 4780 369 4852 Qui
393 4780 554 4842 irasceris
579 4780 613 4842 θι
639 4780 904 4843 misericordiam
958 4781 1037 4859 quia
1051 4780 1168 4843 contm
1180 4794 1238 4841 eos
1258 4777 1352 4840 nullo
1366 4776 1482 4839 dolore
1501 4778 1610 4856 motus
1624 4778 1685 4852 est,
1702 4779 1760 4841 sed

113 4874 202 4950 facis,
222 4877 258 4940 et
273 4878 386 4940 omnia
403 4878 539 4955 peccata
557 4876 729 4939 hominum
743 4878 779 4939 in
793 4876 904 4941 tribu·
958 4878 1044 4941 dixit
1057 4878 1107 4939 eis
1123 4878 1255 4940 :Nolite
1270 4876 1405 4949 timere,
1425 4890 1491 4938 nec
1516 4879 1646 4939 durum
1665 4879 1761 4939 uobis

112 4972 233 5039 latione
246 4975 395 5039 dimitiis.
411 4992 431 5036 s
446 4975 581 5047 Quoties
595 4974 685 5037 enim
702 4976 825 5053 aliquis
842 4993 906 5053 pa·
959 4977 1120 5040 uideatur
1132 4977 1221 5051 quod
1246 4974 1450 5036 vendidistis
1462 4988 1535 5046 me,
1558 4988 1625 5049 pro
1650 4974 1761 5035 salute

113 5072 191 5133 titur
203 5073 411 5151 corporalem
433 5072 661 5135 infirmitatem
680 5072 902 5151 autaliquem
958 5076 1052 5137 enim
1069 5074 1189 5135 aestro
1204 5073 1300 5134 misit
1313 5085 1370 5133 me
1388 5073 1558 5134 Dominus
1578 5070 1660 5132 ante
1686 5084 1759 5131 aas.

111 5167 368 5243 tribulationem,
403 5171 502 5233 toties
536 5186 672 5232 suorum
693 5171 903 5248 peccatorum
959 5170 1055 5252 (Gen.
1068 5185 1147 5244 ιιι,
1160 5167 1206 5250 5).
1222 5165 1762 5240 ooeaunttesieutantinnbra·

113 5266 247 5330 macida
261 5267 488 5344 deterguntur.
501 5268 762 5331 UndeSalomon
775 5289 783 5329 ι
798 5271 905 5331 Livor
958 5269 1047 5343 bam,
1075 5284 1150 5331 cum
1171 5266 1331 5330 Dominus
1353 5265 1438 5327 dixit
1457 5265 1514 5325 ei:
1541 5268 1627 5327 Tolle
1651 5264 1761 5336 titium

112 5367 263 5434 muneris
275 5365 593 5441 abstergltmalnct
605 5371 718 5443 plagae
737 5368 774 5428 in
787 5380 905 5429 secre-
957 5367 1186 5444 untpenttum,
1211 5379 1312 5440 quem
1335 5364 1459 5438 duum,
1477 5364 1589 5432 Isaac,
1616 5360 1650 5443 et
1673 5361 1762 5435 offer

16 5542 17 5545 Ἴ
115 5459 255 5525 fioribus
271 5462 405 5524 ventris
419 5459 533 5540 (Ριοι.
549 5478 610 5532 ιι,
625 5460 690 5543 30).
708 5463 809 5525 Livor
829 5464 905 5526 vul-
952 5479 1037 5528 eum
1053 5462 1333 5527 inbolocuustum
1344 5473 1454 5533 supro
1467 5472 1578 5519 unum
1589 5456 1762 5519 montium

16 5626 18 5631 y
113 5558 202 5619 neris
215 5559 265 5623 est
278 5559 467 5633 infirmitas,
485 5561 539 5624 rel
563 5559 720 5638 quelibet
733 5560 903 5624 tribulatio
958 5575 1059 5635 errem
1083 5558 1326 5621 mortstruuero
1348 5553 1408 5615 tibi
1423 5548 1518 5631 (Gen.
1535 5567 1619 5623 ιιιι,
1634 5547 1679 5628 2).
1697 5554 1760 5624 Qui
