3980 6198
861 300 1035 361 nouitati
1060 298 1274 365 inopinis.

332 695 469 753 li'ntr'cu.
492 652 667 769 cilenia.
690 698 867 770 episcopis
887 696 900 774 (
923 696 948 775 ).

543 1019 678 1078 CAPUT
696 1020 736 1078 Il.

285 1251 417 1313 linabus
430 1251 716 1329 postulationibus,
734 1266 800 1313 una
819 1250 974 1313 videlicet
996 1248 1037 1310 de

242 1353 323 1410 Van.
346 1350 366 1409 l.
387 1366 418 1409 n.
433 1348 481 1425 (b)
502 1348 636 1417 cenna„
659 1349 787 1425 reliqua
805 1364 883 1410 rere
899 1347 939 1407 da
960 1362 1034 1409 ren.

241 1448 263 1506 s.
285 1464 317 1506 n.
342 1446 388 1525 (c)
412 1446 566 1517 Nitrien„
588 1446 751 1522 episcopis
775 1444 810 1505 in
825 1445 874 1522 (ti)
891 1445 1034 1519 strigon.

241 1544 382 1605 ecclesia
397 1542 583 1613 celebratis
598 1559 698 1620 quum
713 1542 838 1603 nullam
854 1558 968 1603 eorum
983 1541 1037 1601 in-

240 1641 430 1703 venerimus
445 1656 518 1700 esse
531 1641 736 1711 canonicam,
754 1642 786 1701 et
801 1639 835 1700 in
845 1640 938 1700 tanta
951 1655 1034 1700 con-

240 1739 438 1800 tradictione
450 1754 516 1797 non
531 1737 741 1798 consueverit
755 1736 827 1797 lieri
844 1736 1033 1813 postulatio,

241 1852 314 1914 qum
328 1836 356 1896 si
371 1835 470 1897 etiam
486 1834 694 1895 concorditer
708 1834 813 1905 deret,
825 1833 900 1910 plus
914 1834 1033 1909 gratia,

241 1950 338 2011 quam
350 1935 406 2010 jns
421 1931 561 2008 requirit
579 1930 718 2003 admitti,
735 1932 886 1994 neutram
901 1930 941 1991 da
960 1929 984 1992 f.
1000 1945 1032 1991 n.

240 2046 330 2092 cons.
348 2030 502 2090 donimus
516 2028 763 2089 admittendam.

238 2217 418 2275 licentietur
428 2217 505 2272 enim
515 2214 600 2272 verbo
608 2217 726 2281 υφαπάὶοι
734 2219 776 2267 τὸν
788 2217 883 2282 epacte,
894 2215 922 2272 id
931 2222 982 2283 est,
997 2230 1036 2274 se·

239 2289 300 2343 dein
311 2288 479 2357 arripuerit.
498 2287 609 2357 Velare,
623 2293 652 2343 et
667 2287 794 2342 ineelere
806 2287 970 2360 significant
984 2287 1035 2342 eri·

239 2372 307 2429 pere
321 2365 350 2413 et
369 2356 491 2426 auterre,
511 2359 543 2413 L.
563 2358 589 2423 6,
614 2358 694 2429 stete
715 2358 823 2414 incenit.
842 2358 934 2425 rein,
950 2364 1035 2429 atque

239 2430 325 2485 etiarn
339 2427 425 2485 serari
440 2426 515 2501 apud
529 2429 643 2484 Festum
657 2441 665 2495 3
684 2429 815 2484 Lucanus
825 2428 886 2484 lib.
897 2430 936 2487 Vl
952 2444 958 2484 :

594 2499 672 2564 Quod
684 2513 799 2567 corpere
810 2499 906 2567 mepni

310 2570 436 2640 Proiecto
450 2568 558 2639 rapiat,
573 2568 645 2637 qued
658 2568 779 2624 cesaris
789 2569 890 2624 involet
899 2574 990 2625 artus.

270 2640 330 2697 ‘Per
345 2641 493 2700 lieeeletes,
505 2638 629 2694 latrones
645 2637 775 2710 intelligit
788 2638 896 2706 Sidon,
907 2640 999 2709 Epist.
1007 2641 1033 2706 7,

241 2711 301 2768 Lib.
323 2710 371 2767 [Χ.
395 2708 550 2766 Postulatio
569 2706 735 2764 adversatur
746 2710 803 2780 iuri
827 2709 982 2777 communi,
1006 2716 1036 2766 et

241 2781 305 2837 ideo
320 2778 454 2837 concordi
473 2779 602 2836 omnium
623 2777 732 2834 calculo
752 2779 824 2847 lteri,
840 2786 868 2837 et
888 2778 1033 2851 subscrip·

240 2853 318 2908 tione
354 2850 459 2907 iirmari
488 2848 581 2907 debet.
613 2849 681 2975 suf.
700 2849 717 2904 3
737 2856 765 2905 et
783 2850 810 2918 1,
825 2850 876 2906 hee
898 2851 943 2907 tit.
965 2855 1032 2921 ent,

240 2921 313 2977 adeo
328 2928 359 2976 ut
371 2922 394 2977 si
404 2926 554 2977 concurrat
565 2925 647 2991 postu
660 2919 717 2975 atio
732 2934 797 2976 cum
815 2920 964 2989 electione,
981 2920 1032 2978 du·

241 2993 288 3065 ple
303 2991 394 3064 major
409 2990 493 3047 debet
509 3004 574 3046 esse
587 2990 790 3058 postulantium
805 3005 951 3057 numerus,
971 3006 1032 3061 cup.

240 3065 324 3118 Bene
333 3063 390 3120 eod.
400 3064 474 3118 lneo
486 3068 580 3117 autern
592 3060 716 3117 maxime
728 3059 886 3118 differentia
898 3068 951 3125 est,
979 3062 1034 3119 ued

241 3133 392 3206 postulatio
407 3147 441 3188 ex
458 3146 535 3188 mera
551 3131 718 3188 liberalitate
731 3132 885 3203 superioris
900 3077 1033 3204 pendeat,

240 3219 294 3261 nec
309 3211 375 3260 ante
387 3202 434 3275 ius
446 3203 524 3258 illurn
538 3202 675 3273 acquirat,
690 3203 759 3272 cap.
770 3202 789 3258 s
799 3203 858 3259 ced.

277 3274 319 3349 (e)
331 3275 437 3332 Omnes
457 3275 534 3329 blss.
551 3273 626 3328 mele
642 3280 750 3344 ponunt
769 3271 957 3356 epigraphen.
979 3274 1032 3331 Le·

240 3345 367 3418 gendum
382 3345 544 3411 Vaceiensi,
566 3350 595 3399 et
609 3343 743 3415 Agriensi
757 3344 909 3469 adriacoprs.
927 3346 961 3400 lli
978 3342 1034 3400 duo

240 3418 428 3489 Episcopatus
443 3415 547 3471 suntin
564 3414 720 3486 Hungarie,
732 3429 766 3470 su
790 3417 908 3486 raganei
924 3415 1032 3486 strigo·

239 3489 347 3544 niensis
359 3486 632 3565 archiepiscopatus.
648 3486 798 3557 agriensis
813 3493 856 3542 est
873 3484 960 3542 hodie
981 3483 1034 3541 sub

240 3561 395 3614 strenarum
411 3557 540 3627 imperio.

276 3628 315 3697 (e)
349 3626 523 3683 Graeciensi.
553 3623 747 3692 cenadiensis,
779 3625 824 3682 vel
850 3624 1034 3684 cenadiensis

240 3700 419 3781 episcopatus
432 3695 585 3767 ilungariae
596 3694 917 3753 transdanubiaumsub
928 3696 1034 3753 archia

241 3782 357 3842 piscopo
371 3766 519 3824 colocensi
533 3766 621 3836 vulgo
642 3765 766 3821 chermel.

276 3838 313 3909 (ei
331 3838 360 3895 N
363 3836 483 3892 itriensi.
499 3836 657 3906 Episcopus
670 3835 830 3904 Nitrieusis,
846 3837 902 3906 vel,
918 3838 1035 3895 Litrien·

239 3911 290 3978 sis,
306 3908 460 3980 lluogariae
472 3905 555 3978 regni
567 3906 764 3976 cancellarius,
780 3907 832 3964 sub
845 3908 1034 3981 strigoniensi

238 3980 471 4059 archiepiscopo.

276 4050 318 4123 (l)
330 4052 364 4105 ln
376 4048 560 4117 strepentemi
571 4046 695 4105 ecclesie.
708 4048 914 4122 strigoniensis
926 4050 1034 4109 archia«

260 4122 405 4191 iscopatus
415 4118 508 4181 hodie,
519 4122 608 4186 cren,
618 4121 699 4191 regni
709 4122 772 4177 Hun
797 4121 864 4177 ariae
876 4122 994 4194 primas,
1006 4130 1034 4180 ct

240 4137 354 4262 fugatus
376 4198 458 4245 natus
476 4189 557 4244 sedis
570 4190 755 4260 apostelicae:
772 4136 916 4274 §trigonio
931 4207 946 4249 a
962 4195 1031 4249 Tur·

232 4264 281 4317 cis
295 4268 433 4332 occupato
446 4274 521 4315 nuuc
531 4261 681 4328 Tirnavitc,
695 4262 741 4318 vul
765 4277 793 4329 o,
806 4265 905 4327 Drrree,
917 4263 1031 4320 residet.

275 4331 316 4415 (l)
329 4334 367 4388 Le
382 4334 445 4386 titre
452 4331 485 4385 ite
495 4331 636 4411 Electiene
647 4339 690 4387 est
701 4333 727 4388 le
742 4276 772 4389 {a
785 4333 856 4390 dela
868 4335 1034 4404 compilatio

236 4419 332 4473 prema
347 4409 376 4457 et
390 4403 415 4457 le
430 4402 460 4457 60
475 4400 525 4457 des
542 4403 699 4458 Decretnles
712 4403 921 4472 erlpnrtennee.

274 4482 309 4543 te)
330 4474 422 4529 Eleate
432 4472 621 4540 Lupituaensi.
638 4474 769 4529 llistoriea
778 4473 861 4545 hujus
871 4474 1034 4545 capitisuec

237 4549 312 4611 sola,
329 4544 541 4614 necvestigium
556 4543 630 4614 apud
641 4543 822 4611 Paradinum,
838 4544 969 4613 Rubium,
981 4546 1031 4602 Se·

238 4617 369 4679 vertiam,
381 4613 489 4679 chenu,
503 4621 530 4668 et
542 4614 704 4679 liopertum,
714 4614 843 4671 ecclesie
859 4614 1031 4686 Lugdunen-

238 4686 278 4740 sis
293 4685 453 4754 scriptores.
471 4686 493 4739 E
515 4683 609 4739 uidem
633 4683 718 4739 rolert
733 4686 878 4741 severtius
890 4700 926 4740 ex
937 4686 1030 4742 archi·

238 4756 282 4809 vis
294 4753 466 4810 contusionis
487 4698 575 4813 bqss„
587 4756 727 4833 loannem
739 4755 775 4832 ll,
786 4753 1032 4827 archiepiscopum

239 4822 460 4896 lugdunensem
473 4824 525 4879 sub
540 4823 681 4881 celestino
693 4824 746 4890 lll,
755 4837 815 4893 pam
828 4839 890 4880 savo
901 4840 1030 4897 gravem,

235 4893 332 4952 olhcio
355 4909 429 4950 ciram
452 4893 611 4965 pastorialis
638 4892 831 4961 renunciasse,
859 4897 1032 4968 retentisque

238 4965 399 5037 insignibus
410 4961 1034 5035 jussusum.1'entillcis,incelebriclaraeve·

238 5036 274 5091 ils
286 5035 416 5091 cmnobio
432 5048 520 5089 sacrae
535 5032 767 5103 contemplationi
781 5034 880 5092 sedule
894 5051 1031 5109 vacasse;

1350 469 1398 555 ti
1466 468 1497 555 L
1521 470 1536 507 Τ
1578 469 1634 555 ·V

1114 609 1157 655 os
1178 609 1363 657 ansericus
1384 468 1565 657 affini-:¹23
1586 609 1780 657 rornsrnrn
1804 594 1865 675 (1).

1275 702 1391 765 Electa
1403 697 1654 779 Lrtpttnnensl(
1674 698 1702 780 ).

1402 852 1539 914 emur
1553 852 1578 914 1.
1985 946 1986 953 ,

1134 968 1239 1037 Quum
1259 968 1333 1043 post
1353 967 1488 1044 petitam
1507 967 1680 1040 instanter,
1702 970 1736 1030 et
1760 966 1892 1030 demum
1985 958 1986 1003 ³

1093 1062 1259 1126 obtentam
1274 1079 1337 1125 ven
1355 1063 1377 1124 l.
1392 1080 1424 1124 n.
1446 1064 1611 1140 quondam
1626 1064 1827 1140 Lugdunen.
1838 1081 1894 1127 ar-
1985 1116 1986 1129 ,

1092 1159 1294 1238 chiepiscopi
1324 1160 1523 1235 cessionem,
1551 1162 1891 1224 concanonicorum
1985 1156 1986 1191 ³

1091 1257 1242 1333 Lugdun.
1271 1258 1306 1318 in
1332 1259 1364 1319 tc
1392 1259 1470 1319 tunc
1496 1259 1643 1335 ipsorum
1672 1260 1891 1336 praepositum
1985 1300 1986 1341 3

1091 1354 1551 1430 concorditorconsenissent3
1569 1357 1647 1433 quia
1659 1356 1892 1417 tandemena·
1985 1376 1986 1389 ¹

1091 1452 1226 1524 minate,
1251 1453 1339 1514 sicut
1370 1452 1492 1525 decuit,
1524 1469 1683 1530 processu
1715 1453 1891 1515 electionis

1089 1550 1166 1621 tuae,
1199 1549 1387 1611 invenimus
1415 1566 1488 1610 enm
1518 1551 1592 1626 pest
1625 1550 1889 1626 publicationem

1090 1659 1322 1715 consensuum,
1348 1644 1381 1705 et
1406 1643 1593 1705 collationis
1614 1645 1810 1713 tractatum,
1823 1644 1890 1705 ali·

1090 1740 1236 1818 quandin
1266 1740 1370 1802 luisse
1401 1742 1618 1818 protractam,
1646 1756 1892 1819 assensumque

1089 1840 1181 1900 tuum
1192 1837 1385 1915 priusquam
1396 1838 1520 1899 electus
1533 1838 1664 1909 luisses,
1677 1840 1889 1916 requisitum,

1089 1934 1500 2005 electionemeamdem,ex
1510 1935 1616 2011 ipsius
1626 1934 1792 1997 dunmxat
1803 1936 1894 1997 iner-

1089 2031 1891 2109 dinatoprocessn,justitiacesserimusexigente.

1090 2218 1336 2293 archiepiscopum
1362 2217 1554 2287 Laudensem,
1575 2217 1722 2277 andream
1751 2219 1888 2286 Sunonis,

1090 2305 1165 2347 enno
1192 2292 1272 2359 1111,
1295 2289 1348 2347 sub
1383 2292 1509 2347 Honorio
1539 2298 1646 2358 nostre
1675 2289 1793 2359 morbo,
1829 2290 1893 2345 eisc

1089 2360 1259 2434 impetigine
1273 2361 1375 2433 potins,
1388 2376 1452 2432 quae
1464 2359 1540 2417 haud
1553 2360 1635 2418 laede
1645 2361 1830 2418 curationem
1845 2358 1893 2416 ad-

1090 2432 1222 2497 mitteret,
1242 2431 1419 2504 implicitum,
1436 2432 1557 2502 vitaeque
1574 2431 1633 2503 jam
1658 2438 1801 2498 amorum,
1815 2430 1891 2487 ultre

1089 2517 1121 2559 se
1132 2516 1251 2559 munere
1262 2517 1317 2558 seo
1330 2501 1489 2571 abdicasse,
1501 2510 1529 2558 et
1539 2508 1680 2559 semotum
1693 2516 1709 2556 a
1721 2502 1821 2573 populi
1834 2499 1891 2557 lre·

1110 2573 1217 2642 nentia,
1231 2572 1354 2629 insulam
1372 2574 1477 2629 lsloam
1491 2571 1734 2644 apudScanenses
1753 2573 1782 2627 in
1794 2570 1893 2627 medio

1088 2588 1180 2700 dulcis
1205 2658 1287 2714 aquia
1301 2643 1365 2699 lacu
1380 2657 1495 2699 amoeno
1511 2642 1610 2709 sitam,
1628 2642 1716 2724 quieti
1733 2612 1803 2698 binc
1829 2655 1891 2698 suae

1089 2714 1183 2771 locum
1198 2713 1333 2786 elegisse.
1358 2711 1413 2770 sed
1429 2713 1494 2785 quis
1516 2712 1624 2769 eiectus
1639 2720 1692 2769 iste
1714 2709 1803 2768 inerit
1824 2718 1891 2784 post

1089 2799 1166 2852 eum,
1180 2782 1296 2840 dubium
1316 2791 1369 2839 est.
1391 2785 1465 2840 Erici
1481 2783 1559 2855 regis
1573 2781 1734 2841 chronicon
1747 2790 1815 2852 pest
1829 2784 1889 2839 An-

1089 2854 1187 2912 dream
1202 2856 1281 2926 ponit
1301 2855 1416 2910 Petrum
1441 2854 1572 2921 saxonis,
1593 2867 1687 2934 quem¹
1702 2851 1823 2933 quidam
1842 2867 1893 2909 ro·

1088 2925 1150 2982 lunt
1180 2939 1245 2981 esse
1278 2922 1366 2980 illium
1385 2924 1507 2980 sexonis
1532 2925 1727 2990 Grammatrcr,
1762 2923 1891 2979 Andrean

1089 2997 1237 3058 coaetanei,
1254 2995 1300 3052 elii
1312 2992 1426 3051 tratrem
1438 2992 1570 3062 hadrae,
1585 3000 1614 3049 et
1626 2993 1719 3049 vicem
1732 2993 1798 3064 ejus
1816 3009 1886 3065 sup·

1090 3066 1223 3139 plevisse,
1236 3072 1264 3121 et
1277 3063 1534 3121 administratorem
1557 3071 1667 3120 mutum
1686 3062 1887 3136 archiepisco·

1089 3145 1172 3209 petus
1187 3134 1274 3193 luisse
1291 3134 1426 3207 quamdiu
1446 3135 1526 3202 vixit,
1548 3133 1586 3191 ob
1603 3136 1797 3190 reverentiam
1818 3134 1890 3190 tanti

1088 3208 1142 3264 viri
1155 3205 1261 3264 dicunt.
1277 3207 1360 3262 Hunc
1371 3207 1485 3262 Petrum
1496 3219 1553 3261 nen
1564 3204 1651 3261 luisse
1661 3218 1763 3261 verum
1778 3204 1891 3261 archie-

1089 3278 1237 3350 piscopum
1260 3276 1432 3333 convincunt
1464 3290 1576 3348 qnoque
1604 3274 1732 3331 historiae
1757 3276 1890 3344 Danicae,

1088 3348 1156 3405 dum
1172 3346 1285 3404 tradunt
1309 3346 1439 3403 {iconem
1457 3345 1643 3419 subrogatum
1658 3345 1690 3400 in
1709 3345 1808 3402 locum
1827 3348 1889 3403 An·

1088 3418 1262 3476 dracontea
1278 3414 1413 3485 defuncti,
1430 3416 1506 3472 nulla
1530 3415 1603 3472 lacta
1625 3416 1775 3472 mentione
1799 3417 1889 3483 Petri,

1089 3489 1220 3560 quamvis
1232 3487 1333 3544 eodem
1346 3501 1422 3543 anno
1445 3486 1576 3544 Andreas
1594 3492 1623 3542 et
1634 3488 1736 3543 Petrus
1750 3485 1888 3555 obierint,

1088 3575 1124 3617 er
1138 3560 1213 3617 Erici
1225 3557 1373 3616 Chronico.
1389 3559 1421 3614 ln
1431 3556 1477 3614 his
1491 3556 1616 3613 tenebris
1638 3557 1663 3612 si
1685 3557 1752 3628 quis
1766 3557 1886 3629 conjec-

1088 3630 1159 3688 turis
1179 3630 1266 3688 *locus
1294 3636 1345 3695 est,
1371 3627 1483 3685 videtur
1509 3626 1661 3684 dicendum
1693 3628 1889 3700 prepositum

1088 3701 1173 3758 istum
1186 3699 1314 3758 ecelesiae
1327 3698 1496 3764 laudensis,
1509 3697 1591 3770 euius
1605 3696 1652 3754 hic
1666 3696 1772 3753 electio
1790 3699 1886 3755 irrita·

1088 3771 1277 3840 tenetentum
1293 3769 1381 3827 luisse
1403 3783 1419 3826 a
1440 3767 1563 3841 capitulo
1580 3765 1722 3849 bundensi
1739 3777 1808 3840 post
1823 3783 1888 3825 ces·

1088 3844 1200 3900 sionem
1214 3840 1347 3908 nomem,
1362 3846 1393 3897 ct
1412 3847 1478 3896 ente
1491 3838 1768 3895 administrationem
1786 3840 1888 3898 Petri:

1089 3913 1161 3971 Huic
1184 3910 1354 3983 conjecture
1375 3908 1585 3981 quodammodo
1607 3907 1798 3980 adstipulatur
1820 3910 1890 3967 dicti

1088 3983 1166 4056 regis
1177 3980 1346 4050 chronicon,
1362 3978 1429 4036 dum
1445 3980 1494 4048 ait,
1510 3981 1624 4037 Petrum
1644 3977 1751 4036 iactum
1771 3980 1887 4037 archie-

1088 4058 1238 4127 piscopum
1253 4067 1328 4109 anuo
1354 4057 1464 4111 tantum
1487 4050 1566 4118 1111,
1581 4048 1693 4106 duobus
1712 4051 1800 4107 annis
1822 4058 1890 4124 pest

1087 4125 1248 4182 cessionem
1276 4120 1408 4190 hndreae,
1437 4136 1493 4192 que
1517 4119 1613 4177 medio
1636 4127 1768 4192 ternpore
1795 4123 1890 4193 potuit

1088 4194 1149 4254 lteri
1162 4194 1263 4252 electio
1284 4192 1368 4263 hujus
1392 4191 1545 4273 praeppsiii,
1560 4189 1653 4262 cuius,
1668 4198 1768 4271 utpote
1788 4193 1888 4259 nmine,

1088 4281 1146 4323 non
1156 4263 1285 4322 meminit
1296 4263 1395 4320 Ericus
1409 4277 1459 4318 rex
1474 4276 1502 4317 m
1522 4276 1575 4318 sue
1589 4260 1736 4329 chmmce,
1746 4262 1826 4333 quod
1841 4261 1891 4319 ad·
1983 4324 1984 4335 ,

1088 4335 1205 4394 modum
1220 4334 1533 4400 uenerandumne
1549 4338 1658 4387 tantum
1676 4345 1775 4387 rerum
1790 4333 1887 4412 capita
1983 4338 1984 4389 ξ

1088 4406 1211 4478 attingit.
1226 4403 1280 4472 Qui
1293 4402 1395 4459 cedere
1406 4401 1645 4473 antiepiscopum,
1658 4415 1717 4457 nou
1729 4400 1757 4457 id
1770 4418 1823 4473 pre
1845 4416 1888 4458 rm
1983 4400 1984 4469 ξ

1088 4477 1255 4535 auctoritate
1268 4479 1369 4547 petest,
1390 4470 1442 4529 sed
1460 4472 1573 4528 licentia
1598 4471 1805 4528 summiPonti
1827 4473 1886 4540 eis3
1983 4492 1984 4509 a

1088 4555 1172 4620 atque
1187 4545 1262 4603 hanc
1284 4545 1421 4601 instanter
1439 4549 1470 4598 et
1493 4543 1654 4613 importune
1673 4540 1758 4597 debet
1773 4546 1886 4610 petere,

1088 4617 1182 4675 aithic
1193 4614 1345 4675 Honorius.
1361 4615 1403 4670 lta
1418 4612 1602 4669 Innocentius
1615 4612 1666 4675 lli,
1684 4612 1714 4664 in
1732 4622 1800 4682 cap,
1814 4610 1886 4679 nisi,
1983 4604 1984 4687 1

1087 4689 1120 4745 ele
1152 4686 1324 4748 renunciet..
1353 4683 1427 4750 Quin
1450 4683 1481 4738 in
1501 4678 1671 4760 postulando
1707 4679 1825 4759 cederrdi
1846 4681 1885 4736 li·
1983 4694 1984 4725 1

1088 4758 1209 4814 centiens
1228 4754 1376 4812 institisti:
1391 4763 1444 4806 nec
1463 4764 1538 4805 enim
1552 4756 1653 4820 sponte
1675 4757 1703 4805 et
1719 4747 1810 4806 libere
1825 4765 1889 4808 ces·
1983 4778 1984 4815 t

1087 4828 1130 4885 sio
1151 4827 1212 4884 lieri
1235 4825 1330 4891 debet,
1346 4827 1459 4894 propter
1473 4819 1618 4876 vinculum
1638 4819 1799 4890 spirituale,
1817 4836 1885 4894 cap.
1983 4824 1984 4891 ᾗ

1106 4913 1173 4955 uum
1182 4898 1266 4952 inter.
1277 4896 1310 4952 de
1319 4893 1407 4961 elect,
1417 4890 1542 4962 alioquin
1556 4895 1658 4962 sponte
1671 4887 1828 4949 cedentem
1838 4893 1886 4949 sui

1086 4970 1177 5042 ipsius
1192 4966 1295 5024 lurtum
1318 4961 1412 5020 iacere
1426 4960 1589 5029 dicendum,
1602 4974 1684 5031 aeque
1708 4973 1743 5017 ac
1758 4960 1797 5018 de
1816 4962 1885 5020 ads·

1086 5039 1215 5112 criptitiis
1226 5045 1255 5095 et
1266 5030 1502 5093 conditionalibus
1515 5032 1554 5088 eit
1569 5032 1599 5087 L.
1608 5046 1697 5102 qaum
1706 5032 1790 5101 setis,
1808 5033 1839 5091 c.
1851 5034 1887 5090 dc

240 5105 289 5161 sed
302 5104 370 5177 quid
383 5104 437 5160 hoc
447 5102 482 5159 ad
494 5103 649 5159 Honorium
663 5106 811 5161 nostrum?
823 5106 895 5163 inter
908 5123 993 5180 quem
1003 5116 1033 5167 et
1084 5110 1186 5182 epeia,
1199 5113 1223 5165 et
1238 5106 1346 5172 censii,
1358 5117 1411 5160 nec
1426 5101 1454 5157 id
1468 5101 1529 5158 lieri
1539 5100 1623 5158 debet
1632 5101 1695 5157 sine
1706 5099 1781 5159 'usta
1794 5117 1887 5161 causa

240 5177 346 5233 dictum
363 5174 534 5232 celestinum
551 5172 733 5230 innocentius
750 5177 790 5232 lll
810 5175 870 5248 (qui
890 5176 1031 5237 iamesum

239 5251 324 5317 repul
340 5247 409 5301 cnm
420 5243 545 5305 Martha.
560 5242 593 5296 de
608 5243 735 5301 celebret.
755 5246 845 5313 miss,
859 5247 956 5332 dirigit
965 5249 1032 5310 huto

1086 5183 1234 5238 asumma
1251 5174 1388 5234 Pontittcc
1415 5172 1589 5239 examinata,
1610 5178 1638 5228 et
1655 5116 1795 5244 proheta3
1816 5176 1887 5247 quia

1085 5260 1153 5310 tunc
1164 5250 1253 5307 satius
1266 5253 1311 5304 est
1324 5258 1381 5302 non
1396 5257 1529 5315 preesse,
1554 5256 1640 5314 quam
1657 5256 1714 5297 non
1731 5242 1884 5313 prodesse,

239 5316 341 5374 loanni
357 5314 385 5369 in
396 5311 551 5371 clarevalle
566 5310 693 5385 degenti)
709 5315 743 5372 23
758 5330 849 5373 annos
862 5320 945 5378 sedit.
958 5321 1030 5388 Quid
1084 5317 1278 5380 atdnmmode
1290 5315 1365 5372 nulla
1381 5314 1506 5385 pravitas
1521 5314 1551 5368 in
1563 5312 1695 5370 cessione
1708 5315 1884 5385 reperiatur,

239 5402 310 5458 ergo
322 5383 474 5465 dicemus?
486 5383 621 5464 corrupta
633 5391 674 5439 est
686 5386 843 5458 epigraphe
855 5388 939 5462 hujus
953 5407 1029 5465 cap,
1085 5389 1311 5450 aitlnnocentius
1324 5387 1374 5452 lli,
1387 5384 1469 5454 Epist
1484 5382 1617 5464 151111.
1632 5385 1655 5450 1,
1669 5397 1770 5453 exque
1783 5393 1887 5443 nomn·

238 5465 270 5512 ut
284 5464 312 5511 et
325 5462 426 5526 capitis
441 5454 467 5517 2,
481 5467 515 5507 tx
530 5453 641 5535 litteras,
657 5454 690 5509 de
703 5463 836 5528 eoresuet,
847 5468 875 5516 et
888 5476 1027 5533 reponen·
1084 5463 1151 5520 dum
1166 5461 1251 5518 etiam
1262 5457 1421 5514 cessionem
1433 5468 1490 5510 uon
1501 5468 1596 5510 mitius
1611 5451 1722 5509 admitti
1732 5453 1763 5511 in
1776 5456 1884 5525 electo,

239 5526 306 5581 dum
317 5533 374 5580 est:
391 5524 482 5579 electo
498 5521 639 5579 hundensr
653 5524 867 5602 archiepiscope
880 5533 987 5601 Derim,
1002 5546 1030 5594 et

240 5595 276 5651 ab
287 5593 453 5650 innocentio
465 5594 514 5653 lll,
528 5607 603 5647 aune
626 5594 709 5664 1101,
725 5599 846 5668 primatu
862 5603 970 5660 sneciae
982 5604 1030 5665 he

1083 5547 1168 5662 purim
1199 5534 1377 5593 consecrato,
1403 5522 1557 5581 dummodo
1585 5522 1688 5579 electio
1708 5525 1885 5585 confirmata

1095 5604 1175 5671 uerit,
1188 5599 1252 5673 quia
1265 5607 1333 5661 tunc
1347 5594 1559 5652 matrimonium
1574 5592 1721 5666 spirituale
1745 5604 1883 5655 contrac-

240 5672 349 5724 norato.
367 5664 497 5720 Historiae
511 5664 623 5721 benten
640 5673 779 5726 testentur
793 5685 930 5744 maguum
950 5675 1026 5735 illum
1083 5683 1142 5733 tum
1157 5679 1209 5741 est,
1224 5670 1299 5727 dicte
1313 5682 1377 5738 cop.
1396 5665 1479 5720 inter.

1049 5750 1059 5779 ,
1302 5751 1306 5763 .

1839 304 1986 371 isa?
