3936 6182
195 238 256 299 623
659 237 836 300 HONORII
858 238 902 298 111
925 238 1073 301 ophite.
1091 266 1128 281 -
1146 236 1380 300 SERMONES.
1785 238 1842 297 624

195 396 326 460 tivitate
354 413 451 459 nemo
475 399 525 460 est
552 397 608 476 331
637 413 674 459 33
697 396 888 469 abscondat,
908 396 992 459 idest
1046 397 1112 459 dno
1122 397 1281 475 praedicta
1295 396 1433 459 iaciunt
1448 395 1590 474 ideoque
1601 396 1730 468 Sancti,
1742 395 1845 458 silen-

196 495 271 559 3133
284 498 383 558 Patre
396 512 432 557 se
444 512 518 558 esse
533 495 696 558 ostendat.
723 495 816 557 Unde
825 497 991 558 Jonnnes:
1046 496 1129 558 tium
1153 496 1216 557 hoc
1239 495 1385 557 medium
1406 494 1529 557 dieunt.
1558 494 1710 557 Primum
1736 494 1843 555 silen-

197 597 248 656 De
283 594 497 670 plenitudine
535 596 610 666 ejrcs
646 607 766 655 ornrtes
799 597 994 668 accepturus
1048 593 1141 665 hum,
1158 592 1289 671 quando
1302 608 1368 654 non
1382 594 1434 655 est
1447 593 1504 671 331
1525 592 1654 654 doceat.
1673 592 1772 654 Unde
1784 595 1842 655 Je-

199 692 346 770 (Joan.1,
362 689 427 770 16).
444 690 527 763 Quid
542 691 994 768 pratrampropraturstc
1048 691 1190 752 nemias:
1219 694 1367 753 Parvuli
1393 691 1573 767 petierunt
1594 706 1745 766 perum,
1777 706 1843 753 uon

198 789 289 853 enim
305 788 407 851 rerba
428 789 621 865 evangelica
641 790 773 851 sonant.
798 788 994 866 Accepimus
1048 789 1127 851 erut
1136 793 1194 865 331
1203 789 1443 866 Dameretets
1456 787 1591 868 (Jerem.
1600 788 1726 849 Thren.
1737 803 1787 861 rr,
1801 787 1843 868 1).
1956 848 1957 861 ,

199 887 288 949 enim
303 887 344 949 de
359 887 565 964 plenitudine
583 890 656 964 ejus
671 886 814 964 primum
828 887 992 963 pretinm,
1050 886 1236 948 Secundum
1260 886 1440 958 silentium,
1465 886 1598 964 quando
1618 902 1686 947 non
1714 889 1769 947 est
1791 888 1845 963 331
1956 882 1957 957 l

200 987 232 1048 et
243 1001 361 1047 rursus
372 985 526 1061 praltnrn
534 1000 603 1059 pro
614 985 742 1061 pratia.
753 985 847 1046 Sicut
857 1000 877 1045 a
888 984 995 1062 splen·
1050 984 1174 1046 audiat.
1189 984 1283 1047 Unde
1300 984 1486 1062 Propheta:
1507 983 1674 1046 Obsurdui
1688 984 1722 1047 et
1736 982 1847 1143 hun}-

200 1083 335 1146 doribus
362 1082 443 1144 solis
468 1082 701 1144 illuminantur
722 1083 849 1154 omnia,
879 1081 927 1145 ita
955 1082 996 1143 de
1050 1082 1149 1144 liatus
1162 1098 1236 1143 snm
1249 1082 1360 1143 nimis.
1375 1082 1522 1144 Tertium
1534 1082 1807 1159 silentiumquan
1827 1099 1846 1143 o

201 1181 407 1259 plenitudine
421 1181 537 1256 gratiae
559 1180 710 1257 33331311
730 1181 765 1242 13
781 1180 922 1253 Christo,
938 1195 997 1242 ac·
1050 1181 1183 1243 nonest
1197 1182 1253 1258 331
1268 1181 1395 1248 doceat,
1410 1180 1464 1242 rel
1478 1180 1603 1242 audiat
1619 1180 1717 1242 Unde
1731 1179 1848 1256 cyrne

201 1279 283 1356 cipit
296 1277 403 1339 omnis
418 1278 541 1339 anima.
554 1277 659 1339 Valde
673 1293 753 1355 ergo
766 1276 996 1339 desiderabilis
1050 1279 1151 1339 redus
1171 1279 1284 1341 noster
1301 1300 1308 1339 :
1341 1281 1467 1341 Omnes
1495 1280 1777 1350 uctrnavemrn,
1800 1282 1849 1339 si-
1956 1268 1957 1341 l

201 1377 274 1439 erat
286 1375 430 1454 antiquis
443 1375 597 1438 Patribus
606 1376 678 1453 ipse
688 1375 850 1437 adventus
861 1375 994 1449 Christi,
1050 1382 1122 1439 mut
1154 1378 1294 1438 tnutites
1322 1378 1406 1451 sueti
1439 1377 1521 1438 sunt
1554 1378 1593 1437 in
1623 1377 1754 1437 studiis
1778 1378 1850 1437 ucis
1956 1404 1957 1423 ,

200 1473 396 1552 deonorum
411 1488 549 1535 numero
564 1472 704 1535 forsitan
725 1474 789 1535 luit
807 1473 866 1534 ille
886 1471 999 1535 Haba—
1052 1473 1122 1554 (Ps.
1148 1477 1206 1547 13,
1228 1473 1274 1554 3).
1296 1474 1335 1536 nt
1357 1475 1421 1536 hoc
1441 1473 1650 1536 estmedium
1664 1473 1848 1534 silentium.
1956 1540 1957 1561 χ

203 1588 275 1645 030,
298 1573 450 1649 quicum
473 1587 593 1649 magno
613 1570 779 1633 desiderio
801 1571 999 1649 expectabat
1053 1575 1090 1634 In
1111 1572 1219 1650 primo
1241 1586 1322 1649 ergo
1350 1570 1484 1634 silentio
1511 1572 1606 1633 muti.
1636 1574 1674 1631 In
1705 1572 1849 1633 secundo
1956 1578 1957 1651 ξ

203 1671 311 1747 ipsum
326 1670 504 1733 aduentum
524 1668 658 1741 Christi,
679 1668 713 1731 et
727 1669 811 1730 alios
831 1686 997 1748 coexpec-
1053 1670 1158 1731 surdi.
1179 1672 1217 1732 In
1237 1669 1336 1732 tertio
1350 1670 1434 1731 muti
1446 1669 1594 1741 etsurdi,
1611 1669 1692 1746 3313
1711 1685 1782 1731 303
1803 1669 1852 1731 lo-
1956 1662 1957 1705 ³

202 1768 328 1829 tutores
347 1783 425 1829 suos
439 1768 481 1829 ad
494 1766 688 1844 patientiam
695 1769 891 1845 expectandi
907 1768 998 1830 inri—
1052 1770 1190 1847 3333133
1204 1783 1266 1829 300
1280 1767 1465 1829 audientes.
1494 1769 1535 1829 Et
1554 1766 1618 1829 hoc
1639 1768 1692 1829 est
1705 1767 1850 1827 medinm
1956 1806 1957 1855 ἒ

203 1866 279 1927 tans
294 1864 422 1928 aiebat:
444 1869 529 1933 Quia
543 1869 617 1942 ipse
632 1870 801 1929 Dominus
820 1867 999 1942 apparent
1053 1866 1234 1928 silentium.
1248 1869 1286 1927 In
1301 1866 1407 1943 primo
1416 1865 1549 1927 silentio
1558 1864 1757 1941 ignorantes
1764 1878 1852 1927 mor·
1956 1858 1957 1929 l

204 1969 246 2026 in
264 1967 370 2038 stnern
386 1967 420 2028 et
436 1980 505 2026 non
522 1965 722 2036 ntenttetur,
740 1966 773 2026 et
786 1968 862 2027 idco
880 1967 912 2026 st
925 1978 1000 2025 mo-
1053 1964 1181 2026 borum.
1207 1966 1244 2024 In
1270 1963 1415 2025 secundo
1441 1978 1508 2024 non
1534 1964 1724 2040 quuaerentes
1743 1978 1853 2023 reme-
1956 1956 1957 1969 ¹

204 2078 285 2125 rum
301 2064 433 2136 feeerit,
454 2062 600 2137 eupreta
618 2076 709 2134 curn,
731 2065 814 2137 3313
834 2064 893 2136 331
910 2077 998 2123 oen·
1054 2062 1155 2123 diurn.
1183 2064 1221 2123 In
1242 2060 1340 2124 tertio
1358 2061 1578 2138 despicientes
1603 2060 1787 2122 medicum.
1815 2062 1852 2122 Et

206 2163 309 2225 nunu
340 2162 392 2222 est
426 2160 541 2221 ueniet
573 2160 607 2221 et
632 2174 701 2221 non
735 2160 885 2221 tertiabit
911 2157 998 2238 (Ha-
1054 2160 1117 2222 hoe
1137 2162 1189 2222 est
1211 2159 1356 2221 medium
1376 2159 1556 2220 silentium.
1573 2161 1611 2219 ln
1625 2158 1738 2236 primo
1751 2158 1853 2219 silen-

205 2261 276 2322 bae.
292 2275 329 2333 11,
345 2258 390 2338 3).
409 2260 494 2319 Eece
515 2256 654 2318 enimet
674 2257 733 2318 alii
754 2255 875 2318 iratres
894 2257 1000 2319 nostri
1053 2259 1101 2320 tio
1114 2258 1324 2335 aliquatenus
1339 2257 1502 2318 dissoluti.
1528 2259 1566 2317 In
1580 2256 1853 2333 3303330133ρί-

206 2372 335 2418 meeum
345 2354 439 2416 vobis
450 2353 591 2415 celerem
601 2355 674 2431 ejns
684 2353 860 2415 adventum
869 2369 1001 2415 annun·
1053 2355 1168 2418 tudine
1182 2357 1272 2417 nexi.
1287 2358 1324 2416 ln
1335 2355 1434 2417 tertio
1452 2354 1659 2431 poenitudine
1677 2370 1749 2415 non
1764 2370 1853 2415 003-

206 2455 302 2517 tiant.
1054 2453 1179 2532 puncti.
1215 2455 1255 2515 Et
1273 2452 1337 2514 hoc
1355 2454 1406 2514 est
1433 2452 1577 2513 medinm
1596 2452 1783 2513 silentium.
1816 2454 1851 2512 In

256 2553 401 2614 Veniens
414 2551 528 2612 ueniet
541 2549 573 2610 et
584 2564 652 2610 non
665 2550 825 2618 tardabit,
839 2552 919 2623 puta
932 2562 1000 2610 non
1054 2553 1161 2629 primo
1182 2551 1317 2613 silentio
1340 2550 1492 2624 idolatrie¹
1519 2549 1610 2613 laeti.
1640 2552 1678 2610 In
1706 2549 1851 2611 secundo

206 2649 390 2725 auferetur
409 2648 585 2720 sceptrum
610 2649 652 2708 de
673 2649 775 2719 ludu,
802 2647 836 2708 et
859 2651 932 2707 dun
959 2649 1001 2707 de
1055 2650 1200 2727 pondere
1211 2651 1421 2726 peccatorum
1436 2648 1544 2710 tracti.
1559 2650 1596 2708 ln
1610 2648 1712 2710 tertio
1726 2648 1765 2708 in
1779 2646 1852 2709 des-

206 2751 339 2824 semore
362 2749 447 2820 ejus,
472 2748 578 2807 detrec
596 2746 713 2806 veniet
734 2748 792 2819 331
812 2746 1002 2807 mittendus
1054 2747 1227 2824 peratione
1240 2745 1378 2808 redacti.
1395 2746 1512 2807 Ethoc
1525 2745 1735 2807 estmedinm
1751 2745 1852 2807 silen-
1956 2824 1957 2837 ἵ

208 2843 369 2924 est((teu.
389 2858 482 2915 xnrx,
505 2840 569 2922 10).
595 2843 741 2903 Veniens
761 2842 920 2904 renietet
934 2858 1000 2903 non
1054 2846 1148 2906 tium.
1171 2846 1251 2906 Item
1273 2860 1348 2905 cum
1367 2844 1511 2905 medium
1530 2843 1702 2905 silentium
1725 2844 1852 2905 teneret

206 2942 361 3014 tardabit,
375 2943 453 3019 3313
463 2956 540 3002 3003
555 2940 666 3001 veniet
681 2939 846 3017 Propheta
861 2955 1000 3015 magnus
1055 2944 1166 3005 omnia
1189 2945 1222 3005 et
1245 2959 1313 3005 nox
1337 2942 1373 3003 in
1397 2956 1461 3003 sno
1488 2956 1594 3003 cursu
1612 2944 1770 3003 medium
1787 2942 1852 3003 iter

207 3042 242 3103 et
253 3041 325 3119 ipse
338 3039 512 3102 renovabit
522 3036 719 3102 Jerusalem.
735 3037 881 3099 Veniens
890 3037 1002 3099 veniet
1052 3043 1248 3118 percueret,
1279 3040 1486 3117 omnipotens
1514 3055 1624 3101 sermo
1651 3040 1752 3111 tuus,
1782 3042 1851 3101 Do-

207 3141 241 3201 et
250 3155 316 3200 non
329 3137 483 3210 tardabit,
496 3137 573 3213 3313
583 3136 743 3197 Dominus
754 3134 824 3212 ipse
833 3135 954 3206 veniet,
969 3135 1002 3197 et
1054 3141 1155 3212 mine,
1174 3155 1194 3200 3
1213 3137 1382 3215 regalibus
1395 3136 1529 3198 sedibus
1542 3136 1645 3209 venit,
1662 3137 1702 3198 ut
1714 3152 1775 3198 eos
1796 3137 1849 3214 qui

207 3236 350 3299 salvabit
370 3252 442 3297 nos.
462 3234 608 3297 Veniens
628 3233 741 3296 veniet
757 3234 790 3294 et
808 3233 1002 3295 nontarda-
1055 3238 1090 3299 in
1127 3236 1248 3299 mundo
1285 3236 1381 3298 erant
1418 3234 1607 3296 redimeret.
1647 3234 1724 3311 lpse
1765 3235 1850 3297 euim

206 3334 274 3409 bit,
300 3335 379 3414 3313
411 3349 488 3396 3003
527 3331 639 3395 veniet
664 3332 823 3393 Dominus
845 3331 1000 3409 princeps
1055 3336 1127 3397 erat
1164 3335 1233 3396 vita
1274 3334 1307 3396 et
1336 3334 1406 3394 lux.
1438 3333 1514 3394 Vita
1549 3331 1849 3393 immarcescibilis.
1956 3326 1957 3337 ’

206 3449 323 3510 regum
346 3434 456 3494 terrae.
475 3431 569 3493 Beati
592 3430 649 3507 331
670 3430 779 3507 parati
793 3431 1001 3491 suntoccur-
1055 3435 1128 3494 Lux
1150 3430 1506 3509 incomprehensibilis.
1545 3430 1645 3491 Venit
1669 3430 1763 3493 enim
1796 3430 1851 3490 lux

206 3547 282 3594 rere
291 3531 353 3592 illi.
367 3529 463 3603 Veni,
479 3528 629 3600 Domine,
650 3528 683 3590 et
694 3527 764 3589 noli
773 3526 919 3589 tardare
931 3527 1000 3588 Dis·
1055 3533 1088 3594 et
1112 3531 1203 3601 vita,
1238 3530 1274 3592 ut
1300 3528 1483 3591 auferendo
1511 3528 1650 3589 mortem
1678 3526 1779 3589 daret
1802 3527 1851 3587 vj.
1956 3598 1957 3601 Ἴ

207 3629 318 3706 posuit
337 3628 448 3689 tamen
468 3625 612 3688 coelestis
636 3625 775 3687 altitudo
801 3624 946 3696 consilii,
964 3625 1001 3685 ut
1053 3631 1132 3692 tam.
1149 3629 1249 3690 Venit
1269 3628 1338 3700 lux,
1362 3628 1398 3689 ut
1416 3626 1560 3702 fugando
1578 3624 1737 3687 tenebras
1759 3625 1852 3686 daret

207 3725 281 3787 ideo
296 3723 443 3785 medicus
462 3724 578 3784 venire
592 3721 744 3783 differret
763 3720 803 3781 ad
815 3721 999 3782 sanandum
1054 3726 1173 3788 lucem.
1193 3726 1292 3787 Venit
1311 3729 1343 3787 et
1366 3739 1475 3785 sermo
1490 3724 1560 3793 Dei,
1577 3723 1615 3783 ut
1634 3722 1811 3785 liberando
1831 3738 1851 3782 a

206 3818 881 3899 33001331,33311331133313033313301,
902 3820 1001 3896 puta-
1054 3826 1200 3902 peccate,
1224 3822 1382 3884 liberaret
1409 3837 1427 3882 a
1455 3820 1616 3882 daemonis
1632 3822 1725 3897 jugo.
1749 3820 1852 3880 Venit

206 3920 258 3982 Γθῖ
271 3920 414 3995 aegffltffl
434 3933 470 3978 ⁸⁰
491 3932 558 3978 110ss
573 3916 693 3979 medici
712 3915 845 3987 Virtute,
867 3916 924 3976 sed
937 3932 1000 3977 na·
1054 3938 1133 3998 ergo
1149 3922 1355 3997 omnipotens
1370 3935 1478 3981 sermo
1494 3918 1583 3980 tuus.
1609 3918 1773 3995 Loquitur
1787 3920 1852 3978 Pa-

206 4018 288 4079 turae
303 4017 418 4092 vigore
439 4015 497 4076 unt
514 4012 718 4076 infirmitatis
741 4013 876 4074 levitate
898 4030 999 4075 sana·
1053 4020 1115 4091 ter,
1130 4019 1276 4097 loquitur
1290 4018 1406 4091 Filius,
1423 4017 1570 4094 loquitur
1579 4017 1727 4093 Spiritus
1742 4018 1849 4077 Sanc·

205 4116 286 4186 tum
309 4116 343 4176 et
364 4113 413 4175 sic
426 4111 646 4189 vilipenderet
664 4110 838 4183 medicum,
855 4113 888 4173 et
904 4113 998 4189 parri
1052 4118 1117 4179 tus.
1145 4117 1246 4178 Pater
1273 4115 1420 4193 loquitur
1456 4114 1559 4176 rerba
1593 4113 1847 4191 promissionis,

205 4210 363 4288 penderet
375 4210 618 4287 aegritudinem.
641 4210 682 4270 nt
694 4209 770 4270 ideo
784 4208 914 4271 distulit
926 4226 999 4272 me-
1053 4215 1158 4276 1111133
1174 4212 1428 4285 exhortationis,
1451 4212 1594 4289 Spiritus
1610 4212 1758 4273 Sanetus
1770 4226 1849 4272 con-

205 4309 300 4371 diens
323 4310 446 4378 noster,
468 4306 556 4370 idest
579 4306 750 4379 Salvator,
778 4307 999 4370 accederent
1053 4310 1236 4373 solatiouis.
1271 4310 1431 4387 Loquitur
1465 4325 1545 4386 ergo
1583 4311 1685 4370 Pater
1712 4308 1850 4386 promit·

205 4408 350 4470 salvaret
362 4406 519 4485 populum
531 4421 639 4478 snum,
652 4405 757 4467 donee
768 4406 999 4483 peecatorcla-
1052 4409 1162 4477 tendo,
1186 4408 1291 4470 Filius
1309 4407 1529 4475 exhortando,
1546 4406 1692 4484 Spiritus
1709 4409 1849 4468 Sanctus

205 4507 312 4568 maret
326 4506 527 4583 frequenter,
535 4506 568 4566 et
582 4504 723 4566 diceret:
739 4503 835 4575 Veni,
848 4503 995 4576 Domine,
1052 4505 1267 4569 consolando.

204 4605 239 4665 et
251 4604 320 4664 noli
338 4603 493 4677 tardare3
509 4602 625 4664 relaxa
639 4601 790 4663 facinora
802 4600 908 4678 plebis
917 4601 995 4673 tuoe,
1091 4603 1150 4665 Vis
1177 4603 1293 4664 audire
1318 4601 1572 4679 promissionem
1600 4599 1737 4661 Patrisl
1768 4604 1849 4662 Vin-

204 4699 319 4760 Israel.
336 4703 439 4761 Porro
455 4699 610 4761 subtilior
631 4699 695 4760 etsi
723 4698 883 4761 secretior
897 4699 997 4775 hujus
1050 4702 1398 4763 centtdnboerterede
1409 4699 1593 4775 tiprtouttoe
1605 4696 1723 4777 (Apoc.
1735 4714 1774 4771 n,
1787 4696 1848 4777 17).

203 4796 372 4857 dilationis
395 4797 447 4858 est
473 4797 570 4867 ratio,
596 4812 694 4873 qnam
718 4796 881 4872 sapientia
901 4795 996 4857 nobis
1051 4800 1109 4860 Vis
1122 4798 1237 4859 audire
1256 4797 1378 4858 Filium
1399 4796 1653 4857 exhortantem?
1673 4799 1760 4857 Vivo
1778 4810 1847 4872 epe,

203 4892 361 4954 insinuat.
375 4895 458 4954 Dum
472 4892 995 4968 medium,inquitsilentiumte-
1050 4897 1335 4966 cicumeuntes,
1359 4900 1434 4956 noto
1463 4894 1615 4955 rnortern
1641 4895 1848 4969 peccatoris,

202 4990 320 5052 nerent
333 4992 456 5063 omnia,
472 4992 506 5052 et
519 5005 586 5050 nox
601 4989 635 5048 in
655 5004 715 5048 330
736 5004 835 5050 cursu
852 4991 995 5052 medinm
1052 4992 1182 5072 (Erech.
1206 5008 1329 5060 xxxin,
1355 4992 1390 5051 11
1390 4990 1418 5068 ).
1444 4991 1527 5052 Vivo
1550 5006 1624 5066 ego,
1648 4991 1728 5068 quia
1747 4993 1849 5067 jnra-

202 5086 267 5146 iter
294 5088 482 5163 perageret,
517 5085 725 5161 omnipotens
755 5101 863 5148 sermo
896 5090 992 5163 tuus,
1050 5092 1195 5151 mentum
1216 5090 1269 5150 vel
1291 5089 1533 5149 sacramentum
1554 5087 1693 5164 jnrandi
1722 5088 1797 5149 erat
1816 5087 1849 5147 in

201 5184 351 5249 Domine,
365 5199 385 5243 a
399 5181 569 5257 regalibus
582 5180 715 5242 sedibus
727 5183 830 5245 venit.
1049 5189 1134 5264 lege.
1150 5191 1220 5250 Neo
1240 5202 1307 5247 non
1328 5188 1378 5248 est
1396 5186 1522 5263 jnratio
1546 5186 1690 5257 Domini,
1709 5186 1848 5257 scilicet,

240 5280 376 5355 Triplex
399 5280 449 5339 est
475 5276 655 5338 silentium.
683 5279 842 5352 Primum,
863 5281 994 5357 quando
1049 5285 1295 5355 sarchoa'smos,
1322 5284 1407 5344 idest
1433 5282 1565 5345 hostilis
1593 5283 1719 5343 irrisio.
1748 5282 1874 5363 erasi

202 5376 309 5450 parati
332 5376 410 5436 sunt
430 5374 610 5444 auditores,
641 5390 702 5435 nee
720 5376 845 5452 estqui
865 5378 992 5440 doceat.
1048 5383 1173 5445 diceret
1190 5404 1197 5443 :
1213 5381 1321 5444 Jndaei
1344 5381 1545 5458 putaverunt
1568 5394 1621 5441 me
1644 5380 1797 5441 detinere
1817 5380 1849 5439 iu

203 5471 402 5541 Secundum,
414 5470 545 5546 quando
558 5471 666 5546 parati
676 5472 753 5533 sunt
764 5473 926 5543 doctores,
933 5491 993 5537 nac
1048 5481 1164 5551 morte,
1183 5495 1282 5556 quum
1298 5495 1350 5539 me
1367 5478 1567 5546 occiderent,
1581 5477 1639 5538 sed
1662 5477 1848 5539 resurrexi.

200 5567 330 5642 estqui
355 5566 477 5627 audiat.
503 5567 648 5629 Tertium
673 5569 1007 5646 qnodeommuniter
1048 5580 1121 5638 Non
1149 5578 1243 5655 33331
1275 5575 1462 5637 ‹teredendo
1491 5575 1539 5636 eis
1566 5575 1706 5652 loquens
1733 5576 1846 5635 dixit:
