3960 6188
121 324 185 387 873
575 318 737 382 oclnvn
759 318 949 384 PASCHAE.
973 319 1098 383 sema
1120 319 1323 385 SECUNDA.
1715 319 1774 382 874

123 481 214 543 sicut
230 479 266 541 ln
283 475 419 543 cantico
437 479 651 542 (ianticorum
669 478 921 557 scriptumest:
978 478 1051 554 tris,
1070 479 1294 546 obedientium
1314 482 1454 544 flatrum
1476 483 1508 544 et
1526 494 1699 543 servorum
1714 478 1775 540 de-

122 581 181 640 Eo
201 578 362 641 aciemn
383 579 575 640 Salomonis
601 566 788 654 repropinata
814 578 925 653 fortes
978 579 1080 652 vetio,
1103 583 1137 642 et
1162 579 1227 642 boc
1254 579 1383 643 duobus
1411 579 1516 641 modis
1541 598 1549 640 z
1572 578 1630 639 aut
1657 591 1773 638 eorum

123 675 283 737 ambiunt
297 673 408 752 (Cant.
424 690 473 747 111,
493 670 547 754 7).Ι
561 677 628 737 Sex
646 675 734 737 euim
752 675 829 737 sunt
850 691 923 753 quse
977 674 1074 737 bonis
1100 676 1228 738 actibus
1259 677 1454 749 invidendo,
1482 675 1540 737 aut
1569 675 1773 750 singularem

122 770 217 833 omni
240 771 392 834 custodia
416 788 550 834 servare
567 773 736 846 debemus,
756 773 921 845 videlicet,
977 773 1119 848 gratiam
1135 774 1235 836 nimis
1250 775 1448 836 aemulando.
1464 772 1587 849 Vigilat
1603 772 1705 848 igitur
1718 770 1774 831 ad·

123 870 272 947 quinque
287 884 405 930 sensus
418 870 568 947 corporis
586 870 692 932 nostri
712 872 745 932 et
759 866 922 932 intentio-
976 886 1094 932 versus
1114 887 1247 933 carnem
1265 872 1358 948 rigor
1371 870 1569 948 disciplinae,
1585 871 1699 931 contra
1714 871 1773 945 ju-

123 982 200 1027 nem
219 967 351 1027 mentis.
368 969 453 1029 Nam
473 982 592 1030 sensus
613 968 763 1044 corporis
777 969 923 1045 quinque
976 967 1099 1029 dicium
1116 969 1187 1042 Dei,
1200 970 1363 1046 judicium
1382 969 1526 1046 propriae
1541 966 1771 1029 confessionis.

121 1064 213 1137 sunt,
229 1063 385 1126 videlicet
404 1064 509 1137 visus,
532 1065 675 1139 auditus,
695 1067 823 1142 gustus,
841 1066 924 1127 odo-
976 1066 1017 1127 Iit
1028 1066 1092 1129 boc
1105 1066 1143 1128 iit
1156 1066 1302 1144 duplex:
1324 1066 1536 1128 manifestum
1553 1065 1594 1125 de
1607 1063 1772 1125 manifes-

119 1161 217 1222 ratus
229 1159 266 1222 et
280 1162 401 1223 tactus.
419 1162 570 1240 Quinque
590 1178 707 1224 sensus
723 1163 757 1224 in
776 1162 921 1240 quinque
975 1163 1030 1233 tis,
1045 1166 1209 1226 occultum
1225 1165 1265 1226 de
1281 1164 1430 1236 occultis,
1448 1164 1485 1225 ut
1498 1163 1546 1224 ait
1565 1161 1742 1238 Apostolus
1759 1183 1766 1221 :

117 1256 213 1335 jugis
231 1256 331 1320 boum
351 1257 551 1335 figurantur,
570 1258 690 1337 quibus
704 1276 741 1321 se
759 1261 922 1323 excusant
975 1264 1013 1324 st
1030 1263 1256 1338 coenettpsoa
1269 1264 1553 1334 dijudicaremus,
1567 1274 1636 1321 non
1654 1260 1771 1332 actique

121 1354 279 1431 quidam,
312 1371 355 1416 ne
383 1356 424 1416 ad
457 1357 592 1435 nuptias
616 1357 748 1419 Domini
772 1357 919 1420 veniant.
967 1361 1213 1432 judicaremur
1228 1357 1257 1438 (1
1276 1362 1349 1421 Gor.
1367 1374 1415 1430 xi,
1435 1356 1506 1436 31);
1522 1358 1639 1419 contra
1660 1355 1772 1416 delac-

121 1442 234 1513 Unum
264 1467 344 1514 vero
374 1454 426 1515 est
456 1454 498 1516 de
525 1469 590 1532 quo
620 1448 781 1516 Dominus
816 1455 918 1518 dicit:
974 1457 1150 1530 edonem,
1184 1472 1258 1535 quae
1288 1455 1438 1534 procedit
1469 1456 1510 1516 de
1540 1453 1771 1516 recordatione

116 1560 231 1623 porro
245 1565 354 1611 unum
367 1551 421 1612 est
440 1555 675 1613 necessarium
692 1551 786 1631 (Luc.
802 1568 837 1624 x,
853 1551 917 1634 42).
974 1557 1204 1632 peccatorum,
1236 1554 1422 1633 frequentia
1450 1552 1621 1626 lectionis3
1656 1551 1771 1612 contra

121 1647 195 1707 Hoc
210 1662 314 1707 unum
328 1647 379 1708 est
396 1648 537 1710 intentio
556 1649 689 1722 mentis,
709 1649 750 1711 de
769 1665 834 1727 qua
858 1653 922 1712 Sa·
973 1652 1169 1713 instantiam
1189 1651 1394 1724 tentationis,
1417 1650 1577 1712 instantia
1601 1646 1772 1725 supplica-

121 1741 237 1804 iomon
248 1743 319 1806 ait:
338 1746 438 1807 Omot
449 1747 604 1809 ctcstodtc
616 1761 721 1810 servo
734 1762 796 1810 cor
808 1749 918 1822 tivum,
974 1746 1076 1808 tionis
1091 1748 1125 1809 et
1139 1746 1318 1820 orationis3
1343 1745 1459 1808 contra
1478 1745 1619 1806 fratrum
1637 1741 1771 1819 inquie-

120 1843 207 1914 quio
220 1855 267 1902 ear
279 1844 355 1916 ipso
368 1843 441 1904 viic
459 1844 624 1919 procedit.
972 1844 1133 1916 tudinem,
1153 1842 1314 1921 patientia
1333 1843 1366 1905 et
1386 1841 1588 1919 compassio;
1609 1838 1770 1900 adversus

161 1937 198 1998 Si
212 1938 317 2013 igitur
331 1954 443 2013 unum,
461 1941 546 2019 quod
562 1942 613 2003 est
630 1941 770 2006 intentio
784 1944 916 2016 mentis,
973 1941 1197 2003 obedientium
1211 1939 1352 2002 fratrum
1370 1935 1770 2013 fervoremcongratula·

119 2034 269 2112 quinque
292 2036 446 2099 sensibus
462 2040 616 2116 superius
639 2041 819 2103 nominatis
838 2044 920 2119 jun·
972 2041 1020 2102 tio
1035 2043 1068 2102 et
1082 2039 1249 2101 discretio.
1268 2037 1517 2115 congratulatio
1537 2036 1626 2097 enim
1641 2033 1769 2111 expulit

117 2132 236 2207 gatur,
265 2148 326 2194 sex
351 2134 488 2197 faciunt.
518 2138 597 2198 Cum
623 2139 757 2201 senario
780 2156 918 2201 numero
972 2137 1146 2210 invidiam,
1168 2137 1326 2199 diseretio
1349 2135 1487 2196 nimiam
1511 2132 1767 2195 aemulationem.

117 2230 283 2292 Dominus
297 2231 332 2292 in
345 2232 401 2293 ria
414 2233 566 2308 graditur
577 2233 760 2308 nobiscum,
781 2236 870 2312 quia,
889 2237 919 2298 si
1013 2238 1114 2298 Omni
1128 2237 1283 2297 ctasiodto
1296 2248 1400 2296 scopa
1411 2247 1473 2293 cor
1483 2232 1591 2303 tuem,
1607 2231 1771 2304 quonlam

118 2324 156 2385 in
166 2326 299 2404 justitia
309 2328 343 2389 et
354 2329 616 2392 sanctificatione
629 2331 728 2409 hujus
740 2332 817 2394 vitae
830 2334 918 2394 viam
973 2347 1020 2394 ees
1038 2336 1113 2409 ipso
1133 2333 1207 2394 otia
1219 2333 1389 2407 procedit.
1405 2331 1480 2392 Nou
1503 2331 1539 2391 in
1555 2326 1708 2399 loco,sed
1732 2325 1769 2386 in

116 2423 382 2497 cucurrerimus,
400 2424 552 2487 bravium
570 2427 647 2489 vitae
663 2429 796 2490 aeternaa
815 2434 918 2492 aDeo
972 2431 1082 2493 mente
1100 2430 1207 2507 gloria
1227 2430 1341 2491 nostra
1364 2430 1430 2501 est,
1446 2428 1524 2506 quia
1547 2441 1615 2487 non
1637 2424 1770 2486 felicem

116 2519 354 2595 percipiemus.
370 2524 460 2583 Beue
478 2539 558 2600 ergo
579 2524 703 2587 dictum
723 2526 774 2588 est
789 2549 797 2587 ε
814 2531 919 2591 Omni
973 2527 1053 2590 facit
1065 2528 1170 2600 locus,
1178 2528 1235 2589 sed
1251 2520 1387 2589 vitalii
1391 2525 1488 2604 juxta
1496 2523 1769 2586 veritatisasser-

115 2616 275 2677 custodie
288 2632 393 2680 spec
406 2634 467 2682 cor
479 2622 587 2693 tuum,
603 2625 685 2696 quio
698 2638 746 2685 es
757 2628 831 2699 ipso
845 2628 918 2689 vite
971 2626 1107 2698 tionem,
1125 2641 1169 2688 ex
1190 2624 1289 2687 eorde
1307 2623 1456 2702 procedit
1475 2622 1562 2700 quod
1578 2620 1770 2698 coinquinat

114 2714 284 2785 procedit.
306 2715 440 2777 Duobus
461 2718 567 2780 modis
587 2736 608 2780 a
627 2720 726 2782 corde
745 2722 812 2784 vita
834 2740 916 2800 pro·
971 2723 1153 2797 hominem,
1172 2723 1328 2801 quoniam
1344 2720 1440 2783 bonis
1454 2720 1506 2782 vel
1521 2719 1620 2780 malis
1640 2716 1769 2778 deside·

116 2807 208 2871 cedit
224 2831 231 2870 :
246 2812 305 2872 aut
321 2814 399 2889 quia
414 2815 514 2876 corde
528 2816 674 2879 creditur
688 2818 728 2880 ad
738 2820 914 2895 justitiam,
970 2821 1032 2882 riis
1047 2821 1158 2882 anima
1171 2821 1347 2881 damnatur
1358 2819 1411 2880 vel
1426 2816 1588 2879 salvatur.
1603 2815 1668 2876 sad
1683 2830 1770 2893 quo-

118 2906 154 2966 et
163 2908 275 2983 justus
289 2924 333 2969 ex
348 2908 413 2971 fide
426 2912 520 2984 vivit,
534 2914 567 2974 et
579 2915 700 2976 mundo
715 2916 815 2978 corde
829 2921 916 2979 Deus
971 2918 1061 2978 niam
1072 2918 1192 2978 animoe
1202 2917 1236 2978 et
1246 2915 1358 2977 carnis
1368 2915 1404 2976 in
1415 2913 1514 2975 unius
1525 2928 1675 2990 personae
1686 2926 1771 2973 con-

118 3002 252 3065 videtur
275 3006 309 3067 et
336 3009 566 3084 cognoscitur,
599 3012 631 3072 et
657 3016 730 3074 lroec
763 3016 815 3077 est
843 3016 916 3078 otta
966 3014 1139 3092 junctione
1173 3014 1319 3075 maxima
1354 3013 1413 3073 est·
1432 3012 1529 3082 unio,
1559 3024 1772 3086 summopere

116 3100 263 3173 aeierrtc,
280 3101 325 3164 'et
339 3107 546 3180 cognoscant
560 3109 593 3169 te
606 3124 731 3172 verum
744 3114 866 3184 Deum,
883 3115 917 3176 et
970 3112 1208 3188 providendum
1235 3110 1286 3171 est
1310 3125 1353 3171 ne
1379 3109 1490 3170 carnis
1522 3107 1696 3169 delectatio
1725 3105 1769 3167 ad

114 3209 215 3271 quem
249 3198 340 3259 misit
370 3201 484 3262 ,lesum
522 3202 709 3281 Christum
748 3208 806 3269 aut
837 3209 916 3286 quia
970 3223 1167 3269 consensum
1191 3207 1338 3268 animam
1362 3206 1486 3277 beliat,
1507 3205 1542 3266 et
1566 3204 1650 3265 dum.
1666 3201 1772 3263 nimis

115 3290 267 3354 Christus
292 3294 361 3357 vita
385 3298 515 3370 nostra,
539 3301 595 3377 qui
620 3316 709 3363 nunc
735 3319 795 3379 per
817 3304 914 3366 fidem
969 3305 1162 3382 indulgetur
1175 3300 1280 3376 carni,
1295 3304 1368 3380 ipsa
1382 3302 1563 3364 lasciviens
1583 3300 1769 3362 reluctetur

115 3387 296 3452 habitatin
317 3393 473 3455 cordibus
494 3397 627 3470 nemis,
652 3414 725 3460 curn
750 3415 916 3478 apparue-
969 3403 1113 3479 spiritui,
1136 3404 1170 3465 et
1190 3417 1289 3479 quam
1316 3401 1446 3479 oportet
1466 3398 1597 3477 subjici,
1626 3397 1768 3474 incipiat

115 3485 162 3548 rit
185 3487 219 3548 et
238 3503 299 3548 nos
318 3504 392 3550 cum
410 3491 481 3567 ipso
496 3494 728 3569 apparebimus
743 3496 778 3557 in
794 3498 913 3574 gloria,
969 3499 1146 3562 dominari.
1163 3503 1243 3573 Quae
1257 3514 1338 3561 vero
1353 3514 1443 3560 mors
1458 3498 1594 3574 gravior
1607 3497 1666 3558 aut
1687 3511 1767 3557 cus-

114 3583 224 3660 utqui
247 3600 337 3646 nunc
360 3586 440 3650 latet
466 3588 501 3648 in
525 3590 635 3662 corde,
656 3593 735 3655 tunc
755 3596 852 3671 quasi
874 3597 915 3658 de
968 3597 1059 3659 todia
1082 3596 1301 3675 periculosior
1321 3612 1420 3674 quam
1441 3596 1654 3656 animarumt
1673 3592 1767 3666 Quod

112 3679 217 3739 corde
239 3680 280 3741 ad
301 3697 421 3759 corpus
445 3685 616 3760 procedat,
642 3690 698 3765 qui
721 3690 914 3756 reformabit
968 3695 1035 3755 tam
1051 3694 1116 3755 cito
1129 3693 1214 3764 fieri,
1231 3708 1329 3770 quam
1344 3691 1456 3753 anima
1470 3691 1569 3754 facile
1583 3692 1693 3769 potest
1709 3690 1769 3750 inr-

113 3790 237 3851 corpus
246 3776 443 3842 humilitatis
456 3782 579 3844 nostrae
589 3785 831 3862 configuratum
844 3806 914 3852 cor-
967 3791 1096 3853 teriioif
1113 3795 1192 3864 Quae
1215 3791 1337 3867 sagitta
1359 3791 1458 3852 citius
1479 3789 1642 3850 fabricari
1656 3789 1766 3865 potest

113 3872 188 3947 pori
210 3873 373 3938 claritatis
393 3894 475 3939 suae.
500 3880 594 3942 Unde
615 3883 649 3944 et
668 3884 914 3963 aliusnposto-
967 3904 1066 3967 quam
1092 3890 1286 3967 peccatumi
1314 3888 1393 3961 Quis
1417 3886 1480 3948 sibi
1507 3903 1528 3947 a
1562 3885 1767 3962 cogitatione

114 3967 167 4030 lus
185 3970 257 4032 ait:
277 3976 378 4035 Nudo
397 3976 461 4046 tilii
481 3980 547 4039 Det
565 3993 686 4042 sumus
709 3982 743 4043 et
761 3989 913 4048 nondum
967 3987 1084 4048 saltem
1097 3986 1283 4064 praevidere
1297 3986 1427 4064 potasti
1444 3985 1484 4046 Et
1501 3984 1580 4044 ideo
1595 3998 1763 4059 nunquam

113 4069 279 4142 apparuit
288 4073 370 4143 quid
383 4075 515 4135 erimus
531 4072 576 4153 (ll
588 4078 684 4138 ioan.
699 4093 748 4150 111,
764 4079 809 4159 2).
966 4083 1222 4154 dormitandum,
1234 4082 1292 4143 sed
1305 4081 1498 4158 vigilantius
1508 4083 1541 4143 et
1550 4080 1708 4143 abentius
1721 4079 1769 4141 do

155 4163 221 4224 Sed
250 4166 528 4230 considerandum
552 4172 648 4233 nobis
675 4177 726 4236 est
749 4180 911 4253 quomodo
966 4179 1020 4240 die
1034 4180 1069 4239 in
1084 4179 1171 4239 diem
1186 4178 1282 4240 nobis
1294 4179 1458 4256 agendum
1471 4180 1532 4241 est.

113 4258 203 4322 dicat
219 4281 227 4321 ε
243 4264 344 4324 Omni
361 4267 516 4328 castodia
530 4282 635 4332 serve
651 4284 713 4333 cor
730 4273 837 4335 tuoni.
854 4277 912 4338 Est
1006 4275 1174 4338 Praeterea
1215 4275 1393 4352 diligenter
1431 4274 1765 4337 animadvertendum

114 4358 225 4419 autem
246 4375 305 4420 cor
326 4362 471 4422 castrum
495 4365 628 4438 animae,
652 4369 738 4444 quod
762 4370 910 4436 interra
965 4374 1025 4445 est,
1034 4388 1138 4450 quare
1146 4372 1369 4449 competenter
1377 4372 1517 4439 dicatur,
1525 4371 1612 4449 quod
1620 4372 1685 4432 duo
1698 4370 1763 4431 dis-

115 4453 325 4518 inimioorum
345 4459 444 4520 situm
466 4461 610 4539 undique
630 4468 854 4543 oppugnatur,
878 4472 911 4533 et
965 4469 1068 4548 cipuli
1082 4469 1174 4531 ibant
1187 4469 1222 4531 in
1235 4468 1408 4532 castellum
1419 4467 1505 4546 quod
1520 4470 1593 4530 erat
1606 4466 1764 4530 abieru-

114 4550 238 4614 idcirco
253 4556 343 4615 omni
358 4556 518 4630 custodia,
536 4559 631 4632 idest,
648 4577 691 4623 ex
707 4565 796 4626 omni
816 4569 909 4643 parte
964 4568 1067 4629 salem
1085 4567 1124 4641 ¹in
1145 4568 1251 4644 spatio
1276 4565 1458 4628 stadiorum
1477 4566 1664 4642 sexaginta.
1686 4567 1763 4643 ipsa

113 4648 265 4724 vigilanti
290 4652 516 4716 sollicitudine
534 4657 748 4720 muniendum
771 4663 831 4736 ast,
852 4681 911 4725 su·
964 4665 1053 4727 enim
1065 4665 1195 4726 itineris
1208 4664 1376 4742 quantitas
1384 4665 1504 4726 montis
1517 4679 1632 4725 eorum
1646 4665 1768 4741 expri-

112 4747 223 4821 perius
247 4749 375 4811 scillaei
391 4751 424 4812 et
446 4751 598 4826 inferius,
617 4756 695 4819 ante
716 4758 749 4820 et
762 4761 864 4834 retro,
889 4779 909 4824 a
964 4763 1024 4824 mit
1039 4761 1245 4840 qualitatem.
1264 4762 1412 4823 Stadium
1428 4761 1543 4824 dicunt
1561 4763 1668 4824 Graeci
1686 4779 1766 4825 esse

113 4840 239 4905 dextris
262 4845 295 4907 et
321 4862 341 4908 a
364 4847 521 4910 sinistris.
539 4851 679 4914 inferius
712 4855 820 4932 ipsurn
847 4875 909 4937 op-
964 4861 1106 4937 spatium
1130 4862 1261 4922 centum
1284 4859 1403 4934 viginti
1418 4861 1564 4938 quinque
1578 4875 1758 4937 passuum;

113 4943 237 5017 pugnat
261 4945 530 5022 concupiscentia
551 4950 673 5023 carnis,
694 4968 767 5029 quaa
789 4955 910 5020 militat
963 4957 1042 5035 quia
1055 4956 1256 5019 fortissimus
1268 4957 1402 5035 quidam
1414 4958 1510 5034 gigas
1525 4960 1659 5021 nomine
1673 4961 1760 5020 Har·

112 5036 273 5100 adversus
289 5042 450 5119 animam3·
467 5044 605 5121 spiritus
620 5049 734 5110 contra
749 5051 908 5115 adversus
963 5055 1056 5117 cules
1069 5071 1135 5116 uno
1150 5054 1300 5116 anhelitu
1319 5057 1454 5118 centum
1471 5057 1594 5133 viginti
1614 5058 1763 5134 quinqua

112 5148 262 5210 carnem,
292 5140 445 5216 superius
474 5141 624 5205 imminet
644 5145 809 5222 judicium
836 5153 906 5214 Dei.
963 5168 1081 5230 passus
1091 5153 1252 5225 cucurrit,
1265 5153 1298 5214 et
1313 5153 1389 5231 quia
1404 5152 1453 5214 ibi
1471 5154 1562 5216 stetit
1580 5153 1766 5216 stadiuma

113 5232 320 5297 Horrendum
333 5236 421 5298 enim
434 5239 485 5300 est
499 5239 647 5303 incidero
662 5242 696 5304 in
712 5261 831 5308 manus
848 5251 908 5311 Dei
964 5250 1082 5312 stando
1096 5252 1261 5312 vocaturn.
1283 5252 1340 5314 Est
1352 5253 1463 5314 autem
1482 5250 1626 5313 stadium
1641 5251 1758 5311 octava

112 5328 265 5395 viventis.
293 5334 406 5407 Retro,
436 5337 608 5400 mortifera
627 5340 805 5405 delectatio
834 5362 908 5423 quae
962 5363 1040 5425 pars
1057 5348 1218 5410 milliarii.
1238 5349 1430 5426 supputatis
1449 5348 1560 5424 itaque
1582 5347 1760 5422 sexaginta

113 5440 154 5488 ex
172 5430 403 5493 recordatione
419 5434 662 5510 praeteritorum
683 5440 813 5502 eruitur
825 5459 906 5519 pec·
962 5445 1091 5520 stadiis,
1114 5446 1239 5524 septem
1259 5445 1417 5507 milliaria
1428 5443 1564 5516 faciunt,
1581 5445 1615 5506 et
1628 5443 1758 5505 medie·

112 5525 275 5602 catorum3
306 5531 401 5603 ante,
433 5531 593 5594 instantia
621 5535 851 5601 tentationum.
879 5545 907 5604 Α
961 5545 1061 5605 tatem
1077 5543 1196 5605 octavi.
1213 5545 1318 5603 Porro
1332 5558 1392 5602 sex
1410 5538 1451 5602 ad
1470 5557 1572 5617 opera
1591 5541 1764 5619 portinere

112 5621 269 5696 sinistris,
284 5626 503 5703 irrogantium
537 5629 747 5711 inquietudo;
775 5650 795 5698 a
824 5637 908 5703 dex·
962 5641 1173 5705 notissimum
1186 5640 1246 5711 est,
1261 5637 1338 5716 quia
1353 5637 1389 5703 in
1403 5637 1747 5705 saxdiebusdistinxi
