3996 6196
183 364 223 423 di
792 354 967 418 HONORII
988 354 1033 415 ΙΙΙ
1055 357 1203 420 OPERA.
1796 360 1835 425 18

113 589 116 595 »
186 543 311 605 Deinde
325 543 585 621 precedentibus
603 541 638 602 in
655 538 771 602 ordine
785 551 857 608 suo,
877 535 985 597 domi·
1038 538 1221 615 palmarum
1235 557 1294 602 seu
1311 542 1487 613 frondium,
1509 545 1730 620 Omnipotens
1743 550 1836 608 Dens

187 658 250 704 nus
263 645 353 719 Papa
371 643 470 704 nudis
485 640 621 718 pedibus
639 654 714 700 cum
733 634 917 715 psalmodia
930 648 985 695 se-
1039 639 1183 700 Christe.
1215 640 1275 700 ilis
1306 639 1419 713 11111116,
1455 641 1576 703 dantur
1600 658 1620 703 a
1644 642 1835 704 custodibus

185 740 298 818 quitur
313 741 558 818 processionem
575 753 680 814 usque
695 736 737 797 ad
751 733 905 796 Sanctam
923 734 985 791 Sa·
1038 735 1156 811 palmae
1174 737 1461 816 :accipientesque
1480 739 1593 817 populi
1612 756 1723 801 ramos
1743 740 1838 802 arbo·

186 836 410 917 binam(f),et
422 838 529 914 ipsum
543 835 700 914 praeceon
712 847 875 899 cruxsua,
886 845 985 908 quam
1039 849 1113 893 rum
1126 833 1301 907 olivarum,
1320 837 1391 897 sire
1408 837 1540 907 dorum,
1558 838 1736 899 inchoatur
1748 839 1837 899 anti-

188 935 296 1013 portat
333 952 418 996 unus
451 935 491 997 de
527 932 783 996 subdiaconibus
824 929 919 1001 suis;
953 929 986 988 et
1040 930 1837 1008 1111616,Ρ11611Η61116616111.1611166666-

188 1050 272 1095 crux
284 1034 390 1095 sancti
404 1034 506 1101 Petri,
520 1048 619 1110 quam
632 1031 741 1108 portat
753 1030 844 1106 prior
856 1026 987 1087 subdia·
1040 1029 1129 1105 pitur
1160 1046 1180 1091 a
1215 1031 1364 1092 diaconis
1395 1033 1587 1110 praedictum
1618 1034 1836 1111 portatorium

188 1147 290 1193 conus
304 1131 525 1207 regionarius.
540 1133 686 1207 Cumque
699 1126 873 1189 intraverit
884 1123 987 1186 eccle
1040 1143 1115 1188 curn
1146 1130 1334 1205 evangelio,
1379 1129 1566 1209 bajulantes
1606 1147 1682 1192 cum
1710 1133 1835 1207 ingenti

188 1230 284 1299 siam,
299 1230 401 1291 intrat
413 1229 646 1299 secretarium·
660 1227 692 1288 et
703 1224 986 1302 mappulariorum
1041 1226 1244 1288 exultatione
1265 1231 1382 1305 jugum
1405 1228 1527 1291 Christi
1556 1244 1669 1299 suave,
1695 1230 1728 1291 et
1753 1246 1837 1291 onus

189 1330 222 1389 et
234 1327 515 1389 cubiculariorum
532 1325 646 1388 schola
663 1324 785 1386 habent
801 1321 847 1384 ihi
866 1329 987 1398 aquam
1042 1326 1114 1401 eius
1136 1324 1220 1394 leve,
1241 1327 1446 1402 praecedente
1466 1343 1552 1405 aqua
1571 1326 1743 1389 benedicta
1763 1345 1838 1389 cum

190 1425 333 1486 calidam
343 1426 492 1504 paratam
506 1424 547 1485 ad
559 1423 741 1484 abluendos
758 1421 857 1498 pedes
870 1418 985 1495 ipsius.
1042 1422 1249 1485 candelabris
1266 1425 1365 1502 atque
1381 1425 1657 1503 thymiamateriis
1675 1442 1749 1487 cum
1762 1426 1839 1487 aliis

231 1526 280 1584 lu.
295 1523 471 1584 Sciendum
479 1538 558 1583 vero
578 1519 734 1598 estquod
743 1520 777 1579 in
787 1518 924 1580 introitu
933 1532 989 1576 ee·
1043 1522 1244 1583 ornamentis
1260 1544 1267 1583 :
1282 1523 1419 1600 insuper
1431 1525 1530 1586 eliam
1547 1524 1707 1586 laicorum
1726 1524 1839 1586 schola

191 1622 302 1683 clasiae
335 1621 480 1697 acolythi
518 1620 637 1681 debent
668 1618 818 1695 recipere
856 1630 988 1677 crucem
1043 1634 1117 1679 cum
1142 1619 1274 1681 vexillis
1302 1622 1400 1698 atque
1431 1638 1506 1683 cnm
1536 1622 1711 1685 fanonibus
1742 1623 1840 1697 longe

192 1720 298 1781 sancti
312 1719 413 1787 Petri,
428 1720 460 1779 et
473 1719 605 1795 portant
620 1732 723 1794 usque
741 1716 781 1776 ad
796 1716 901 1776 altare
914 1729 989 1773 cum
1044 1720 1222 1794 praeeunte.
1245 1721 1393 1780 Exeunte
1417 1720 1505 1781 enim
1532 1721 1621 1781 clero
1633 1738 1693 1782 seu
1718 1720 1840 1798 populo

194 1818 405 1879 subdiaconis
426 1816 626 1892 regionariis
653 1814 804 1875 faciendo
826 1812 987 1873 litaniam.
1044 1814 1085 1876 ab
1098 1815 1250 1885 ecclesia,
1273 1817 1450 1879 inchoatur
1466 1818 1658 1895 antiphona,
1677 1822 1763 1880 Cum
1779 1834 1843 1892 ap-

193 1917 232 1978 Et
252 1915 389 1993 pedibus
409 1914 542 1982 ablutis,
566 1914 718 1975 dominus
738 1915 828 1989 Papa
854 1912 989 1990 paratus
1042 1917 1295 1989 propinquaret
1322 1918 1448 1989 lesam·
1471 1933 1534 1994 qua
1565 1916 1671 1985 finita,
1707 1916 1842 1977 inchoat

193 2015 235 2075 ad
248 2014 353 2076 altare
366 2013 504 2074 accedit.
519 2012 670 2075 11111166
684 2012 723 2071 tle
741 2008 988 2076 116166611616,

193 2111 400 2189 palafredum
420 2110 579 2178 ascendit,
598 2112 631 2171 et
647 2109 688 2170 ad
706 2108 865 2187 palatium
883 2121 991 2167 reter-

193 2211 289 2273 titur.

234 2310 550 2388 ltnomimcarero
566 2307 993 2386 quaeantaturLcetureJe·

194 2412 358 2480 rnsniem,
384 2408 588 2468 camerarius
616 2406 834 2482 repraesentat
860 2403 993 2465 domino

196 2507 295 2582 Papae
328 2506 363 2565 in
394 2521 526 2566 camera
556 2518 667 2566 rosam
698 2518 834 2563 auream
844 2500 891 2579 (2)
919 2516 994 2561 cum

195 2619 310 2665 musco
333 2605 366 2665 et
388 2603 536 2663 balsamo
563 2624 570 2661 ε
597 2617 696 2678 quarn
726 2600 883 2660 dominus
904 2601 994 2673 Papa

196 2702 360 2777 portatio
378 2716 479 2760 manu
500 2700 635 2776 propria
654 2696 814 2775 usquead
840 2696 995 2757 Sanctam

197 2801 346 2866 Crucem,
361 2797 417 2858 ubi
430 2813 469 2857 ea
482 2797 536 2857 die
548 2795 643 2857 debet
655 2797 790 2856 missam
804 2793 972 2855 celebrare
987 2814 994 2852 :

197 2897 347 2958 eamdem
360 2892 997 2956 (1616161611161616161166166111111161

199 3009 303 3071 usqne
317 2993 358 3054 ad
371 2993 480 3055 locum
495 2993 530 3053 111
547 3009 612 3070 qno
630 2991 810 3059 descendit,
832 2989 888 3050 ubi
902 2989 998 3050 debet

199 3108 273 3153 esse
286 3091 473 3169 praefectus,
496 3092 551 3153 cui
564 3090 715 3152 dominus
734 3093 824 3166 Papa
845 3090 923 3150 tunc
943 3087 999 3149 dat

199 3206 312 3251 rosam
330 3190 447 3266 ipsam,
469 3190 502 3251 et
520 3189 634 3250 eadem
659 3187 712 3249 die
739 3187 848 3264 portat
867 3187 999 3247 mitram

199 3288 454 3349 aurifrixiatam.
472 3287 647 3348 Sciendum
660 3288 710 3348 est
727 3286 812 3363 quod
831 3285 903 3362 ipsa
916 3284 999 3345 hora

200 3403 265 3464 qna
284 3387 489 3448 camerarius
508 3385 725 3462 repraesentat
749 3400 872 3452 rosam,
893 3383 1000 3443 domi-

200 3501 263 3546 nus
277 3488 367 3562 Papa
380 3484 478 3546 debet
490 3485 641 3560 accipere
654 3483 787 3544 mitram
804 3481 1001 3543 aurifrixia-

201 3584 281 3645 16111.

303 3843 358 3903 IX.
372 3846 423 3904 De
434 3843 614 3904 Dontinica
623 3844 827 3902 Pelinnaion
837 3837 899 3919 (n).

246 4027 365 4089 18.1)16
389 4025 554 4111 dominica
581 4023 771 4085 Palmarum
795 4018 1002 4098 praeparatur

206 4125 369 4206 quoddam
387 4123 604 4202 portatorium
622 4117 865 4190 honestissime,
888 4118 1002 4194 inquo

206 4224 437 4285 intromittitur
449 4222 599 4282 sanctum
612 4216 839 4294 ils-angelium,
854 4214 940 4294 quod
956 4215 1004 4275 in·

206 4321 369 4398 telligitur
389 4320 539 4382 Christus
565 4341 572 4379 :
595 4319 628 4380 61
659 4318 815 4379 statuitur
833 4315 868 4377 in
896 4314 1004 4375 eccle-

207 4418 314 4500 61613)
334 4420 411 4481 ante
431 4434 535 4489 aram,
559 4416 645 4477 unde
661 4416 769 4477 clerus
787 4426 1003 4492 processurus

206 4520 266 4581 est.
288 4518 412 4581 Deinde
431 4516 620 4579 adunantur
638 4515 757 4593 palmae
776 4514 809 4573 et
827 4509 1005 4581 11616661-

207 4633 270 4697 que
283 4617 414 4678 diversa
429 4630 551 4691 genera
568 4610 772 4695 [frondium]
787 4610 915 4672 Dicitur
927 4624 1005 4670 ora-

205 4715 264 4787 tic,
275 4714 673 4788 OnntipoiensDens,qnt
684 4710 1004 4783 oizteqnontninnm

208 4816 306 4875 tanin
324 4814 510 4874 Doininnnt
530 4810 688 4871 nostram
704 4821 771 4882 pro
792 4807 888 4866 iicon
909 4818 1005 4864 ntor-

209 4913 279 4973 tetn
300 4909 598 4986 perpensitans.
633 4905 788 4983 Sequitur
817 4900 1003 4962 benedictio

245 5059 286 5143 (¹)
307 5057 519 5117 sainte-Sabine
538 5063 581 5114 est
596 5068 700 5113 encore
728 5050 818 5125 eglise
842 5050 1003 5120 stationale,

208 5133 235 5190 le
249 5147 314 5204 Jour
328 5130 379 5188 des
393 5130 529 5189 Ccodros.

245 5204 287 5278 (a)
309 5205 346 5260 La
364 5216 429 5258 rose
443 5201 516 5269 d’or,
540 5192 702 5254 destineat
723 5207 762 5250 un
784 5192 881 5265 prinae
903 5191 1002 5250 661116-

208 5276 294 5350 lique,
303 5289 341 5331 ou
352 5271 367 5329 d
378 5288 416 5329 un
425 5283 608 5345 personnage
617 5265 798 5334 eminentem
809 5263 825 5321 1
836 5280 892 5322 une
902 5263 1003 5347 eglise,

209 5356 253 5404 est
272 5345 369 5404 benite
391 5359 427 5400 an
453 5341 544 5415 paleis
569 5337 758 5419 apostolique,
777 5334 794 5393 t
815 5337 841 5392 16
863 5336 1004 5405 sacristie,

209 5425 296 5476 avant
309 5418 336 5474 la
352 5428 456 5481 messe,
473 5412 537 5484 puis
552 5422 675 5482 exposce
688 5422 736 5464 eur
751 5407 856 5464 l’autel.

246 5490 287 5561 (a)
308 5487 386 5546 Nihil
413 5484 459 5540 hic
478 5481 579 5538 dicitur
600 5478 636 5535 de
657 5478 776 5536 sabbato
795 5485 861 5536 ante
879 5477 1004 5547 Palmae,

210 5576 267 5634 quo
283 5558 460 5633 potissimum
474 5552 520 5609 die
538 5548 668 5610 Pontifex
680 5551 892 5623 eleemosynam
910 5548 1006 5605 tribuit

210 5634 240 5689 in
253 5629 422 5688 memoriam
434 5623 500 5682 iacti
511 5624 608 5682 llariae
622 5623 728 5680 sororis
738 5621 847 5689 Lazari,
857 5635 921 5692 qua
939 5626 1007 5676 ante

210 5718 261 5760 sex
283 5700 345 5756 dies
365 5695 481 5754 Pascha
505 5696 585 5751 unxit
606 5693 694 5767 pedes
713 5693 836 5750 Domini.
854 5691 921 5749 ldeo
946 5689 1007 5746 hae

210 5771 321 5830 sabbati
337 5768 398 5825 dics
411 5782 428 5822 a
440 5766 558 5823 statione
567 5765 681 5836 publica
696 5769 784 5833 66111,
801 5771 828 5821 ut
845 5762 1004 5821 1161611111·

1045 2012 1158 2073 schola
1195 2014 1428 2090 antiphonam,
1468 2016 1653 2089 ceperant
1694 2029 1841 2085 onines,·

1045 2111 1135 2181 item,
1148 2114 1233 2172 Cum
1244 2114 1413 2183 credisset·
1427 2113 1516 2180 item,
1525 2112 1840 2187 appropinquante.

1047 2211 1127 2269 Corn
1140 2209 1281 2284 ingressi
1291 2209 1414 2271 fuerint
1423 2210 1544 2271 atrium
1553 2209 1714 2278 eeclesiae,
1723 2209 1845 2270 dicitur

1047 2309 1312 2385 responsorium,
1326 2309 1546 2385 Irtprcdiente
1558 2311 1720 2380 Domina·
1744 2308 1840 2377 item,

1049 2408 1278 2483 Colicqernnm
1291 2407 1380 2478 item,
1398 2410 1490 2468 111116
1508 2406 1624 2468 etiam.
1640 2406 1678 2484 (s.
1694 2404 1824 2483 antem)

1090 2506 1138 2565 19.
1155 2504 1214 2565 llis
1235 2504 1348 2575 finitis,
1372 2506 1448 2566 ante
1470 2504 1591 2565 atrium
1613 2504 1763 2566 ecclesiae
1784 2519 1845 2565 seu

1050 2602 1122 2664 loco
1133 2603 1338 2680 competente
1349 2602 1498 2664 subsistit
1506 2602 1619 2664 schola
1629 2620 1702 2664 cum
1715 2601 1844 2663 baculis

1051 2701 1221 2778 etreliqno
1230 2702 1349 2762 ornatu
1364 2723 1371 2761 ε
1387 2702 1420 2763 61
1433 2701 1541 2762 clerus
1554 2717 1613 2762 seu
1626 2702 1766 2778 populus
1780 2717 1845 2761 ex-

1051 2800 1201 2876 spectant
1219 2800 1253 2859 in
1277 2799 1348 2861 loeo
1368 2800 1457 2872 atrii,
1471 2799 1664 2861 inchoantes
1684 2799 1845 2875 antipho-

1052 2910 1140 2963 nam,
1155 2897 1357 2973 Ocetirrnnt.
1373 2896 1561 2973 Respondet
1572 2894 1684 2956 schola
1697 2911 1773 2955 cum
1785 2910 1848 2955 an-

1052 2993 1200 3069 tiphona,
1211 2996 1295 3055 Cam
1310 2998 1450 3070 carpetis.
1463 2996 1533 3055 Hac
1553 2993 1657 3062 finita,
1672 2992 1850 3054 inchoatur

1053 3107 1072 3152 a
1095 3091 1222 3152 duobus
1242 3090 1432 3153 cantoribus
1452 3092 1585 3169 quidam
1606 3107 1722 3152 versus
1745 3090 1848 3151 lsrael

1054 3190 1845 3266 snprascriptumerangeliumsanctumGioria,

1053 3294 1129 3350 laris
1141 3290 1173 3350 ct
1187 3293 1296 3350 hortor
1316 3290 1375 3350 tibi
1386 3290 1443 3361 sit,
1457 3305 1525 3351 neae
1538 3288 1672 3351 Christe
1690 3292 1851 3361 redemp-

1055 3387 1121 3448 tor.
1136 3389 1181 3448 Eo
1195 3388 1313 3449 ordine
1324 3389 1507 3464 sequnntur
1520 3388 1578 3448 alii
1591 3404 1719 3447 161666.

1094 3488 1143 3546 20.
1161 3486 1220 3546 His
1238 3486 1351 3555 finitis,
1366 3486 1482 3563 incipit
1505 3485 1617 3546 schola
1636 3500 1710 3546 cum
1722 3483 1850 3544 baculis

1055 3585 1282 3662 antiphonam,
1302 3587 1414 3646 Pueri
1440 3586 1669 3645 Hedraeoinnn
1688 3601 1699 3642 .·
1715 3582 1747 3643 61
1772 3581 1851 3643 tunc

1056 3684 1234 3761 prosternit
1255 3684 1362 3744 omnis
1376 3682 1466 3759 plebs
1475 3681 1637 3742 hincinde
1645 3680 1779 3741 frondes
1793 3695 1852 3740 seu

1056 3781 1167 3851 tiores,
1190 3781 1402 3842 decantantes
1427 3781 1657 3857 antiphonam,
1682 3780 1852 3838 Hosunnu

1056 3884 1143 3942 Filio
1154 3881 1276 3946 Dauid,
1291 3894 1395 3955 usque
1409 3878 1450 3938 ad
1464 3876 1568 3938 altare
1583 3898 1590 3936 ε
1605 3878 1637 3936 61
1658 3874 1705 3934 sio
1728 3873 1853 3934 intrant

1056 3978 1097 4039 ad
1124 3978 1270 4038 missam.
1294 3976 1439 4038 Ministri
1467 3991 1546 4036 vero
1581 3974 1694 4035 tenent
1725 3970 1852 4048 palmas

1057 4091 1162 4152 usque
1176 4074 1216 4135 ad
1230 4074 1482 4151 completionem
1496 4072 1617 4132 missae.
1630 4067 1854 4130 Intermittunt

1057 4174 1160 4250 aliqui
1180 4172 1411 4234 salutationem
1431 4173 1467 4232 in
1487 4170 1658 4236 Passione,
1672 4168 1705 4228 id
1718 4166 1769 4227 est
1782 4168 1855 4226 Do·

1057 4274 1366 4338 ncinttsvohiscnm,
1382 4269 1468 4346 quod
1483 4284 1549 4328 non
1568 4267 1691 4342 legitur
1702 4265 1737 4325 in
1752 4261 1853 4324 Ordi-

1058 4368 1166 4437 nibus,
1183 4368 1240 4429 sed
1263 4369 1297 4428 in
1310 4370 1495 4428 Parasceve
1508 4365 1648 4431 tantum,
1663 4362 1719 4424 ubi
1734 4359 1856 4421 retice-

1058 4467 1112 4527 tur
1126 4467 1269 4530 ofllcium
1283 4462 1498 4526 sacerdotale.

1082 4646 1123 4706 Χ.
1146 4647 1196 4705 De
1207 4645 1300 4716 seito
1311 4638 1438 4715 quarta
1449 4638 1595 4710 majoris
1606 4633 1835 4696 hebdomade.

1098 4800 1147 4858 21.
1161 4795 1258 4858 Feria
1269 4791 1386 4870 quarta
1397 4788 1532 4867 majoris
1547 4783 1761 4848 hebdomadae
1774 4782 1857 4843 hora

1058 4881 1857 4972 tertiaprocedithpostolicuscumomnioleroseu

1058 5054 1144 5121 gatus
1165 5044 1313 5112 alcuinus,
1330 5057 1387 5098 non
1406 5044 1499 5097 tunica
1517 5053 1536 5094 o
1554 5034 1736 5093 celebratione
1754 5031 1857 5095 inisse,

1059 5133 1123 5191 qnae
1133 5132 1168 5174 ex
1179 5113 1405 5189 precedentibus
1418 5110 1497 5167 feriis
1506 5108 1653 5180 repetitur.
1665 5107 1706 5161 De
1717 5102 1857 5184 fermento

1059 5189 1161 5248 eodem
1192 5186 1238 5244 dle
1252 5180 1446 5243 distribuendo
1463 5182 1529 5253 lege
1550 5180 1782 5261 eornmenturtnm
1801 5186 1853 5228 no·

1059 5269 1161 5319 strum.
1172 5261 1232 5316 1166
1246 5264 1331 5330 caput
1341 5269 1406 5312 cum
1421 5258 1558 5324 sequente
1573 5263 1603 5305 11
1615 5247 1677 5305 eolo
1690 5244 1790 5302 codiee
1809 5257 1855 5300 re·

1060 5332 1109 5406 gio
1121 5330 1294 5387 invenimus.

1097 5402 1137 5473 13)
1170 5403 1193 5459 11
1216 5400 1275 5456 faut
1295 5393 1433 5455 entendre
1456 5393 1493 5449 ici
1518 5386 1855 5449 saint-Jean-dehatran.

1059 5474 1132 5533 C'est
1154 5472 1332 5529 maiotcnant
1351 5466 1367 5524 1
1388 5466 1414 5522 16
1430 5464 1512 5521 basili
1533 5478 1570 5520 ue
1591 5462 1730 5521 Vaticana
1755 5457 1860 5529 quale

1060 5548 1137 5619 Papo
1148 5543 1226 5601 benit
1238 5548 1267 5597 et
1280 5537 1416 5596 distribue
1430 5536 1473 5592 les
1483 5549 1519 5608 pa
1561 5547 1602 5591 es.
1617 5533 1695 5588 Dans
1707 5530 1733 5585 la
1744 5542 1858 5608 proces·

1061 5617 1135 5685 sion,
1151 5609 1375 5672 l'amhussodcur
1389 5606 1425 5664 de
1440 5609 1559 5672 Franoe,
1576 5609 1674 5683 tenant
1693 5601 1719 5657 16
1734 5599 1859 5680 patinea

1060 5688 1086 5744 la
1101 5686 1189 5754 moin,
1203 5681 1319 5741 61616116
1333 5695 1370 5738 611
1383 5681 1439 5736 tete
1454 5677 1491 5739 du
1506 5692 1590 5748 corps
1604 5672 1822 5745 diplomatrque.
