3952 6188
225 321 286 384 est

226 479 453 557 Patrlarolras,
469 481 643 561 Apostolos
661 500 743 563 quos
762 484 859 548 modo
881 482 1023 547 salvabit

226 580 260 641 et
273 579 484 656 glorificabit.
501 583 548 643 De
555 581 684 659 judicio
697 598 778 644 rere
800 582 1022 644 damnationis

226 676 298 755 ipse
313 677 361 739 ait
377 695 384 733 τ
399 682 478 740 Non
492 682 572 740 uerri
586 682 623 740 tu
638 684 805 743 mercedum
817 683 856 742 ut
868 683 1022 754 judicem

226 778 406 848 mercedum,
424 775 521 848 idest,
543 779 579 838 ut
593 777 756 850 damnem,
769 780 831 840 scd
851 779 891 839 ut
913 780 1022 839 sulut-

226 874 326 945 slccm
340 877 518 935 muudum.
533 872 566 953 (J
569 891 643 936 oan.
665 890 727 946 ru,
747 874 813 955 47.)
837 877 884 937 Ι)θ
895 874 1022 953 judicio

225 969 411 1048 punitionis
435 971 483 1033 ait
507 974 625 1033 Petrus
651 993 659 1034 :
683 976 785 1035 Nrcuc
812 974 946 1048 tempos
970 974 1022 1035 cat

226 1067 265 1129 ut
290 1070 464 1140 judicium
498 1069 641 1145 incipiat
674 1084 697 1131 a
732 1072 832 1132 domo
869 1073 1019 1133 Domini.

227 1162 257 1243 (l
272 1166 360 1226 Petr.
375 1180 421 1237 1v,
438 1162 504 1245 17.)

266 1264 353 1338 Euge
366 1263 399 1324 θῖ
409 1262 573 1340 judicium
589 1263 734 1325 hominis
746 1263 870 1342 triplex
883 1266 943 1327 est.
956 1267 1022 1328 Ju-

226 1357 316 1420 dicat
338 1375 481 1437 namque
508 1360 623 1431 homo,
651 1361 884 1434 discernendo,
911 1361 1024 1424 absol-

225 1456 344 1529 vendo,
370 1457 537 1534 puniendo
561 1457 746 1521 bisantem
768 1459 886 1521 modis.
909 1460 1022 1521 Primo

226 1553 267 1614 de
287 1552 359 1630 ipso
373 1569 433 1631 per
445 1571 519 1632 quae
534 1555 687 1632 judicare
707 1555 803 1618 debet
823 1558 860 1620 ut
880 1556 1022 1619 discrete

226 1652 304 1725 agat
325 1651 509 1727 appetendo
537 1651 623 1713 bona
648 1655 680 1714 et
705 1653 902 1716 declinando
922 1654 1020 1716 mala.

227 1747 365 1809 nasica
387 1748 555 1811 consortio
570 1749 782 1812 tenebrarum
805 1769 840 1815 se
859 1752 1019 1824 absolvat,

227 1844 325 1921 atque
335 1845 480 1908 veterem
490 1846 658 1908 hominem
668 1849 834 1924 puniendo
846 1866 881 1911 se
894 1850 1020 1927 puniat,

227 1941 267 2011 si,
293 1942 442 2018 deposita
470 1945 644 2016 vetustate,
680 1946 798 2008 induat
829 1948 1018 2009 novitatem.

227 2038 307 2100 Inde
321 2041 372 2101 θεῖ
390 2039 475 2118 quod
495 2043 583 2102 Deus
607 2042 642 2102 in
661 2042 806 2104 hominis
824 2044 1022 2108 formatione

226 2134 309 2197 duos
328 2137 439 2214 posuit
462 2138 576 2199 oculos
596 2139 633 2200 in
657 2142 729 2218 ejus
750 2138 846 2214 facie,
873 2142 909 2204 ut
929 2142 1024 2204 vide-

226 2232 323 2306 licet,
354 2235 584 2299 ostenderetur
606 2238 641 2298 in
670 2253 819 2315 corpore,
847 2238 933 2316 quod
957 2240 1022 2303 duo

227 2331 415 2408 spiritualia
432 2333 557 2395 lumina
571 2333 708 2397 baberet
730 2337 766 2397 in
787 2341 908 2410 mente,
924 2338 1021 2400 ride-

226 2426 305 2490 licet
321 2445 439 2506 puram
454 2433 764 2509 contemplationem
786 2435 827 2496 de
848 2437 914 2497 Deo
933 2436 1024 2499 uelut

227 2525 359 2587 oculum
391 2525 579 2599 dexterum,
609 2532 642 2591 et
673 2532 842 2608 propriam
870 2533 1023 2595 conside-

227 2623 391 2684 rationem
413 2625 453 2686 de
475 2626 628 2703 proximo
654 2627 744 2689 velut
766 2630 898 2691 oculum
921 2631 1024 2693 sinis-

226 2719 326 2780 trum

267 2816 352 2878 Hinc
367 2818 418 2879 est
430 2818 530 2880 etiam
545 2820 631 2897 quod
644 2824 731 2884 Deus
750 2823 907 2887 fecitduo
922 2826 1024 2887 lumi·

229 2914 326 2975 naria
336 2914 371 2975 in
385 2914 592 2979 firmamento
605 2919 680 2980 coeli
691 2920 782 2993 (Gen.
797 2938 819 2986 1.
835 2924 882 2994 14,
896 2923 1020 3003 15,1e)‚

227 3010 359 3073 etsicut
372 3010 454 3074 dicit
473 3014 602 3076 David:
625 3019 738 3079 Solem
760 3021 798 3080 tu
816 3021 1024 3094 potestatem

226 3110 305 3182 dici,
322 3114 570 3175 circumactam
586 3113 748 3177 cistellas
766 3119 803 3178 iu
816 3118 1023 3192 potestatem

226 3208 348 3269 rzoctts.
372 3206 441 3287 (Ps.
469 3210 538 3283 135,
564 3212 595 3283 8,
625 3210 671 3291 9).
697 3212 753 3275 Sol
781 3217 814 3276 et
843 3215 922 3277 luna
946 3220 1024 3280 sunt

226 3303 323 3380 quasi
338 3304 403 3368 duo
423 3308 510 3369 ocuti
532 3308 742 3381 firmamenti,
766 3310 863 3384 idest,
889 3314 1020 3388 animae,

227 3401 268 3461 de
289 3402 409 3479 quibus
424 3421 525 3482 supra
540 3406 697 3469 diximus.
720 3411 756 3469 Iu
781 3413 942 3486 potestate
957 3412 1021 3475 diei

227 3501 261 3561 et
283 3501 409 3576 noctis3
435 3502 533 3576 idest,
563 3503 598 3565 in
620 3507 746 3582 potenti
764 3522 877 3571 amore
905 3511 964 3571 Dei
990 3512 1024 3572 et

227 3597 383 3671 proximi.
395 3601 556 3661 Memoria
567 3602 832 3666 circumcidenda
846 3607 896 3668 est
906 3622 926 3668 a
936 3624 1022 3670 rana

228 3693 446 3767 cogitatione,
473 3699 654 3759 secundum
678 3700 814 3761 verbum
838 3705 1020 3780 sapientis:

226 3805 246 3848 s
268 3789 491 3865 Cogitationes
511 3809 615 3855 vanas
637 3798 670 3858 et
694 3813 809 3860 somno
833 3801 958 3863 similes
980 3820 1022 3866 ne

691 323 868 386 HONORII
890 321 936 384 m
956 321 1104 385 OPERA.
1122 352 1164 367 -
1176 320 1409 384 sandonus,

1814 324 1881 387 688

1076 480 1230 545 videlicet
1261 481 1488 560 unusquisque
1526 496 1624 543 suum
1655 497 1717 544 cor
1747 482 1881 547 electus

1076 579 1173 642 debet
1192 580 1323 641 ratione
1344 578 1522 649 moderari,
1550 580 1585 642 et
1603 578 1777 657 lapidibus
1798 598 1883 658 pre-

1075 679 1181 749 tiosis,
1208 677 1304 749 idest,
1324 676 1503 739 virtutibus
1522 678 1700 739 adornare.
1725 678 1880 741 effecum

1076 777 1127 836 est
1149 773 1434 834 circumcidendus
1464 772 1506 835 ab
1526 773 1697 834 immunda
1726 774 1882 836 delecta·

1075 871 1177 934 tione.
1194 873 1279 932 Nam
1297 870 1382 932 sicut
1396 870 1477 932 dicit
1494 870 1649 932 Salomon
1667 872 1704 932 in
1725 875 1880 934 Proser·

1075 969 1141 1031 biis
1162 989 1170 1029 z
1190 972 1409 1030 Decumum
1431 971 1463 1030 rt
1480 970 1705 1044 compleatur,
1730 972 1879 1032 wectut

1075 1070 1241 1133 animam,
1257 1066 1474 1128 detestantur
1486 1066 1583 1129 statii
1596 1069 1726 1141 eosqui
1735 1069 1877 1143 fuciunt

1075 1169 1179 1225 motu.
1200 1161 1374 1243 (moverit.
1393 1177 1469 1233 nu,
1493 1161 1558 1242 19),
1582 1161 1804 1240 subintellige
1823 1164 1877 1226 de·

1076 1261 1211 1323 sideria.
1225 1259 1516 1322 Circumcidendus
1530 1260 1582 1322 est
1595 1261 1700 1338 igitur
1720 1260 1873 1334 airadus,

1076 1358 1161 1420 idest
1173 1357 1392 1427 mundandus,
1408 1373 1450 1420 ne
1464 1358 1542 1419 iude
1554 1357 1770 1420 incurramus
1788 1359 1876 1420 dam·

1077 1456 1222 1518 nationis
1242 1455 1437 1533 periculum,
1465 1455 1552 1516 uude
1571 1456 1691 1517 salutis
1708 1456 1874 1533 possimus

1077 1554 1250 1631 acquirere
1271 1552 1525 1614 firmamentum.
1559 1555 1645 1615 liam
1676 1553 1766 1615 sicut
1792 1554 1874 1615 dicit

1077 1652 1297 1729 Hyeronimus
1323 1667 1331 1705 :
1346 1650 1519 1712 «Difficile
1542 1650 1592 1712 est
1606 1651 1791 1711 humanam
1805 1652 1874 1711 aui·

1077 1766 1164 1811 mam
1187 1765 1254 1811 uon
1279 1763 1404 1821 amare,
1431 1752 1465 1809 et
1488 1764 1624 1809 necesse
1646 1749 1757 1809 estin
1777 1764 1875 1825 quos-

1077 1863 1217 1925 cumque
1240 1863 1334 1908 meus
1359 1850 1474 1908 nostra
1499 1847 1653 1908 trahatur
1676 1846 1817 1917 affectu,
1841 1848 1873 1906 ut

1076 1945 1188 2007 carnis
1213 1946 1324 2006 tamen
1350 1960 1445 2005 amor
1465 1960 1579 2005 amore
1604 1944 1747 2022 spiritus
1773 1961 1873 2022 supe·

1077 2045 1169 2104 retur
1181 2044 1213 2104 et
1227 2042 1428 2103 desiderium
1438 2042 1668 2118 restringatur.
1685 2059 1705 2101 ε

1116 2141 1294 2217 Postquam
1332 2140 1550 2201 consummati
1588 2141 1667 2201 sunt
1668 2183 1731 2201 .....
1767 2142 1872 2212 Puer,

1076 2237 1172 2307 idest,
1192 2236 1330 2315 quilibet
1346 2237 1470 2298 electus
1490 2237 1748 2298 circumcidetur
1768 2238 1873 2298 indie

1078 2336 1194 2396 octavo
1205 2334 1329 2395 ultimae
1345 2334 1599 2396 resurrectionis
1609 2350 1629 2395 a
1639 2335 1787 2397 Christo.
1802 2336 1873 2395 Cir·

1078 2432 1283 2493 crrmoidetur
1304 2434 1415 2493 autem
1434 2431 1475 2492 ab
1497 2431 1689 2493 infirmitate
1717 2448 1778 2508 per
1797 2432 1870 2493 for-

1077 2528 1267 2601 titudinem,
1299 2545 1320 2590 a
1352 2527 1560 2590 deformitate
1591 2544 1651 2606 per
1686 2529 1873 2605 pulchritu-

1077 2626 1198 2697 dinem,
1219 2642 1239 2687 a
1260 2626 1424 2701 gravitate
1441 2641 1500 2702 per
1525 2624 1707 2698 levitatem,
1730 2643 1752 2687 a
1769 2628 1869 2687 morta

1077 2740 1134 2801 per
1150 2723 1442 2794 immortalitatem,
1459 2723 1501 2783 ab
1516 2723 1710 2785 infirmitate
1730 2740 1793 2801 per
1806 2724 1870 2785 for·

1076 2821 1262 2891 titudinem,
1278 2821 1355 2898 quia
1377 2821 1485 2882 omnis
1500 2836 1578 2882 caro
1593 2820 1690 2882 modo
1705 2822 1759 2882 est
1780 2821 1871 2882 infir·

1077 2935 1142 2991 ma,
1166 2918 1223 2980 sed
1239 2919 1317 2981 tunc
1338 2918 1454 2980 induet
1467 2917 1706 2980 fortitudinem.
1731 2921 1819 2980 Nam
1837 2919 1870 2979 ut

1077 3017 1157 3079 dicit
1176 3017 1402 3092 Alrgustinus:
1422 3033 1441 3076 c
1460 3018 1586 3092 Corpus
1604 3015 1753 3077 hominis
1765 3014 1822 3078 'est
1835 3017 1869 3076 in

1078 3113 1238 3191 portando
1252 3129 1439 3185 onerosum,
1457 3113 1492 3174 in
1505 3113 1648 3175 fovendo
1662 3112 1870 3174 infirmum.»

1077 3215 1161 3273 Caro
1175 3211 1320 3273 hominis
1334 3211 1434 3272 etiam
1450 3211 1485 3271 in
1500 3211 1645 3273 sanitate
1662 3211 1798 3272 infirma
1811 3212 1868 3273 est.

1078 3309 1171 3371 Unde
1197 3307 1376 3383 Gregorius
1407 3325 1459 3368 :a
1486 3309 1560 3384 ipsa
1586 3308 1695 3369 nostri
1722 3308 1868 3385 corporis

1077 3406 1167 3467 salus
1196 3406 1357 3481 aegritudo
1380 3406 1441 3466 est.
1468 3422 1487 3464 r
1514 3406 1600 3466 Nam
1623 3421 1727 3481 opere
1751 3406 1868 3473 deficit,

1077 3504 1145 3565 otio
1159 3502 1309 3571 tabescit.
1332 3502 1418 3564 fame
1437 3502 1596 3564 deficiens
1618 3502 1694 3564 cibo
1710 3504 1867 3573 reticium,

1077 3603 1113 3663 ut
1139 3600 1313 3673 subsistat;
1341 3600 1521 3661 refectione
1549 3600 1740 3662 lascescens
1768 3599 1871 3662 absti-

1077 3699 1188 3760 nentia
1210 3699 1377 3759 relevatur
1392 3698 1428 3759 ut
1437 3698 1557 3773 vigeat.
1578 3700 1659 3758 Cum
1674 3698 1779 3773 igitur
1793 3713 1870 3759 caro

1077 3797 1120 3858 sit
1145 3796 1257 3856 multis
1288 3795 1536 3857 infirmitatibus
1572 3794 1762 3872 praepedita,
1790 3797 1871 3855 tunc

226 3886 408 3963 respicias;
432 3889 551 3966 quibus
575 3891 604 3951 si
623 3893 770 3954 animum
792 3894 1019 3973 oblectaveris,

228 3984 331 4045 miser
343 3985 420 4046 eris.
435 3987 663 4066 »Plerumque
678 3991 765 4052 enim
775 3992 876 4055 tantis
891 3996 1021 4072 cogita·
1076 3984 1291 4068 impastibilis
1313 3990 1442 4050 nullum
1458 3990 1580 4050 malum
1603 3991 1728 4067 poterii
1751 3989 1870 4051 (10⁰ae-

225 4080 372 4142 tionibus
387 4083 569 4146 involvitur
582 4102 675 4147 mens
688 4088 845 4162 humana,
861 4093 897 4153 ut
912 4109 973 4155 nec
986 4096 1021 4157 in
1075 4092 1147 4151 teto
1176 4088 1350 4149 sustinere·
1386 4087 1481 4149 Unde
1514 4087 1620 4148 183188
1647 4104 1655 4144 ³
1681 4091 1866 4164 0071811106,

226 4177 460 4254 ipsacratioue
475 4184 597 4245 munda
612 4186 722 4248 valeat
736 4204 909 4265 apparere.
927 4192 1021 4254 Unde
1074 4199 1257 4261 consurge,
1284 4187 1429 4246 truncae
1461 4185 1665 4259 fortitudine
1698 4186 1759 4246 tua
1782 4186 1865 4246 Sion.

225 4276 330 4338 David
351 4278 387 4339 in
408 4283 511 4343 Libro
529 4285 673 4360 Regum,
697 4285 737 4346 de
759 4302 795 4348 se
818 4287 965 4365 loquitur
985 4291 1020 4352 iu
1076 4284 1133 4363 (is.
1149 4280 1254 4360 L119)·
1273 4285 1298 4343 0
1317 4282 1408 4354 Sion,
1428 4281 1516 4343 idest
1530 4282 1693 4350 Ecclesia»
1709 4296 1867 4356 commit

223 4375 323 4437 tertia
344 4392 487 4454 persona
515 4395 523 4436 a
545 4383 685 4444 leccenic
707 4399 831 4446 sera-us
849 4388 939 4458 telus,
960 4402 1021 4449 007«
1075 4381 1114 4442 de
1129 4380 1265 4457 puluere
1279 4379 1864 4456 terraepercarnisresurrectionem,

223 4487 337 4546 suum,
357 4477 396 4536 ut
410 4480 531 4540 oraret
549 4479 593 4551 te,
610 4484 765 4543 Dolorem.
790 4480 934 4561 (11Reg.
957 4500 1017 4557 vn,
1075 4484 1107 4539 et
1127 4493 1290 4553 consurge
1310 4476 1487 4538 demando
1508 4476 1549 4537 ad
1571 4476 1744 4538 coelestem
1762 4476 1864 4539 beati·
1958 4468 1959 4477 ’

223 4569 290 4650 27.)
314 4574 414 4642 Quasi
436 4574 562 4637 diceret
584 4597 591 4636 :
617 4579 681 4638 Cor
705 4595 813 4641 meum
833 4580 1019 4659 dispersum
1075 4575 1231 4636 tudinem·

224 4664 334 4728 fuerat
354 4670 609 4743 cogitationibus
631 4674 754 4747 multis,
783 4678 841 4738 sed
859 4695 948 4740 nunc
965 4696 1021 4741 re-
1114 4674 1153 4734 nt
1178 4674 1255 4733 nota
1281 4670 1367 4747 quod
1392 4670 1445 4732 bis
1470 4671 1554 4733 dixit
1580 4686 1772 4749 cousecrpe,
1795 4671 1865 4749 quia

225 4760 306 4822 duxi
324 4764 406 4826 illud
429 4767 470 4828 ad
498 4770 660 4831 orandum
688 4772 723 4831 in
752 4774 896 4849 puritate
918 4777 1021 4839 davo.
1074 4771 1180 4849 primo
1215 4770 1415 4845 consurgent
1449 4784 1588 4845 corpora
1618 4768 1803 4831 electorum
1829 4769 1865 4829 de
1956 4826 1957 4831 ,

223 4858 337 4921 tionis.
353 4864 393 4923 Et
411 4865 489 4926 nota
501 4865 588 4942 quod
606 4867 738 4938 dicitur,
754 4873 897 4933 invenit.
914 4876 1020 4953 Nemo
1074 4867 1210 4944 pulvere
1231 4863 1463 4940 adjudicium,
1487 4867 1601 4939 postea
1622 4864 1664 4925 (¹0
1685 4866 1809 4927 mundo
1828 4863 1865 4925 δᾶ
1956 4856 1957 4911 l

225 4956 313 5016 enim
333 4960 439 5033 potest
453 4961 604 5022 invenire
619 4978 677 5022 cor
691 4980 775 5031 sum,
793 4966 857 5028 nisi
871 4971 927 5047 qui
942 4989 1020 5050 per·
1073 4978 1222 5039 regnum.
1235 4964 1327 5021 Tunc
1342 4960 1489 5022 Ecclesia
1501 4960 1615 5022 induet
1629 4960 1864 5031 fortitudinem,

224 5049 316 5115 didit.
340 5057 404 5115 Cor
426 5072 522 5116 suum
545 5057 663 5132 perdit,
681 5059 738 5135 qui
764 5065 1019 5139 cogitationibus
1073 5061 1151 5138 quia
1162 5060 1202 5121 de
1213 5062 1332 5120 caetero
1343 5058 1537 5135 nonpoterit
1545 5058 1864 5134 patiadversitatem.
1954 5054 1956 5075 ¹

223 5148 320 5208 ranis
335 5153 368 5212 et
379 5150 616 5226 temporalibus
638 5154 853 5222 immoderate
866 5163 1017 5228 intendit.
1072 5163 1100 5220 Α
1132 5157 1341 5218 (Ῐθΐθΐωὶῑᾶῑθ
1371 5171 1430 5232 ΡΘΓ
1460 5155 1762 5233 ΡΗῙΟῘΠῘῒΠὼῐὶΘῙΠῖ
1791 5158 1865 5235 quia

224 5243 288 5303 Cor
306 5261 402 5306 suum
428 5244 564 5318 invenit,
591 5249 646 5324 qui
668 5251 766 5316 rebus
789 5259 1019 5335 spiritualibus
1074 5272 1152 5317 031'0
1178 5253 1322 5316 hominis
1347 5253 1444 5315 ¹11⁰<10
1477 5253 1636 5314 d0s0tmi⁸
1661 5257 1816 5331 Γθὸῑὶῐΐθῒ
1834 5255 1865 5314 Ῐῐί

223 5340 257 5399 et
269 5341 415 5401 orationi
428 5342 581 5404 intendit.
1074 5352 1351 5430 pulchritudinem
1383 5350 1528 5411 coelestis
1553 5350 1753 5427 splendoris.
1777 5352 1864 5413 Unde

262 5437 346 5496 Hinc
365 5439 639 5512 praeceptionum
652 5443 686 5525 in
702 5449 798 5525 Lege,
813 5454 849 5515 nt
864 5471 1018 5518 summus
1074 5450 1276 5526 Augustinus
1300 5470 1307 5507 ε
1330 5465 1349 5508 c
1376 5447 1477 5509 Nulla
1510 5447 1574 5509 erit
1608 5447 1804 5512 deformitas
1831 5450 1863 5510 iu

1077 3893 1330 3956 circumcidetur
1344 3892 1386 3954 ab
1408 3892 1610 3964 infirmitate,
1630 3893 1709 3970 quia
1728 3891 1826 3954 fortis
1839 3894 1871 3954 et

223 5532 376 5591 sacerdos
391 5534 538 5608 portaret
551 5538 711 5605 rationale
726 5546 761 5607 in
776 5551 909 5625 pectore
925 5554 1018 5616 duo·
1073 5547 1266 5625 corporibus
1292 5545 1536 5622 resurgentium
1564 5547 1768 5619 mmmm’
1792 5548 1863 5626 ‘1⁰5³

222 5620 327 5682 decim
352 5626 516 5703 lapidibus
535 5635 657 5709 pretios
