3960 6188
218 303 281 365 923
685 301 861 362 HONORII
883 300 928 361 111
949 300 1098 362 eruat.
1116 329 1155 343 -
1172 301 1406 366 SERMONES.
1812 305 1874 365 924

218 463 277 542 qul
290 461 410 525 debent
428 477 504 523 esse
527 459 578 523 sal
599 462 714 533 terrae,
736 461 765 522 si
787 461 947 539 tanquam
968 460 1018 522 sal
1073 459 1190 536 mittit3
1207 461 1264 540 qui
1277 462 1378 525 etiam
1392 478 1413 524 a
1427 462 1558 525 Christo
1577 462 1810 524 mercenarius
1825 464 1876 525 est

220 561 419 623 infatuatum
443 560 679 622 evanescentes
701 558 743 620 ab
766 559 920 621 omnibus
942 560 1020 621 sunt
1073 559 1268 636 appellatus.
1285 560 1716 638 Mercenarius,etquinon
1730 562 1784 621 est
1797 576 1876 637 pas-

220 658 456 732 conculcandi;
472 673 523 718 vae
538 655 766 718 venditoribus
778 656 1017 729 columbarum,
1073 658 1136 728 tor,
1151 660 1247 734 cujus
1262 673 1329 719 non
1349 659 1427 720 sunt
1445 674 1524 720 ores
1544 658 1701 735 propriae,
1717 657 1810 719 ridet
1823 658 1876 717 lu-

221 753 250 813 si
260 753 392 829 flagello
400 751 533 814 iactode
541 750 699 813 tuniculis
711 751 879 829 detemplc
888 752 1019 813 Domini
1073 770 1151 831 pum
1173 752 1361 816 venientem
1389 756 1422 817 et
1450 755 1586 817 dimittit
1610 770 1692 817 ores
1716 758 1751 816 et
1780 754 1874 831 iugit

220 850 298 911 sunt
312 849 520 927 expellendi!
544 852 602 910 Vae
615 849 671 927 qui
680 846 867 926 justificant
880 849 1018 926 impium
1073 852 1150 912 Tria
1178 854 1258 913 sunt
1275 868 1349 929 quae
1372 853 1616 924 mercenarius,
1634 853 1739 924 idest,
1767 854 1875 913 malus

220 947 491 1025 promuneribus,
500 947 702 1024 etJustitiam
712 946 796 1024 justi
811 946 967 1008 auserunt
977 945 1018 1007 ab
1073 948 1874 1025 prelatusexigitaboribus,lac,scilicetlanam,

220 1059 271 1117 eo,
286 1045 315 1106 si
341 1046 428 1106 sicut
441 1045 579 1106 devorat
591 1044 747 1120 stipulam
762 1044 862 1121 ignis,
875 1046 910 1106 et
927 1044 1019 1106 calor
1072 1047 1106 1108 et
1117 1062 1264 1108 carnem.
1278 1049 1357 1119 Qua
1368 1049 1541 1109 enumerat
1550 1047 1704 1109 Ezechiel
1715 1049 1876 1125 propheta

220 1142 363 1203 fiammae
384 1142 506 1213 exurit,
530 1142 654 1204 aeterno
675 1141 752 1218 igne
775 1142 853 1203 sunt
877 1140 1017 1204 combu-
1073 1140 1208 1203 dicens:
1230 1145 1287 1203 l'oe
1296 1144 1493 1217 pastoribus
1511 1145 1635 1214 lsrael,
1652 1146 1714 1217 pai
1729 1144 1875 1217 pesam

221 1240 332 1301 rendil
1071 1239 1290 1312 semctipsos!
1304 1241 1374 1301 Lac
1391 1241 1617 1302 cmtwdebatta
1638 1240 1675 1301 cl
1690 1242 1787 1301 tants
1804 1255 1876 1315 ope-

259 1337 334 1398 Non
360 1336 574 1414 enimposuit
595 1352 656 1399 vos
681 1336 850 1410 Dominus,
872 1338 909 1399 ut
929 1336 1018 1398 otie-
1071 1339 1266 1407 medemini,
1289 1338 1324 1398 et
1343 1339 1432 1411 praed
1449 1352 1610 1399 maecum
1629 1338 1722 1409 crat,
1738 1340 1871 1399 occide-

219 1433 314 1507 mini,
328 1434 385 1496 sed
405 1434 441 1495 ut
459 1434 654 1510 operemini,
679 1450 745 1496 non
768 1438 804 1496 ut
826 1435 1016 1512 quiescatis,
1072 1434 1177 1495 balb:
1190 1448 1333 1510 precem
1352 1434 1471 1496 cutem
1489 1449 1606 1496 meum
1622 1449 1694 1495 non
1708 1438 1875 1508 pasceba-

220 1531 278 1593 aed
303 1534 339 1593 ut
357 1530 527 1605 laboretis,
550 1548 617 1593 non
647 1533 683 1595 ut
707 1533 878 1609 torpeatis,
901 1531 958 1593 sed
983 1533 1020 1592 ut
1073 1528 1875 1610 tte(azecn.m1v,2,3).1nlacteintelligitur

219 1626 364 1690 trucium
385 1628 528 1700 iacietis,
545 1644 612 1690 non
636 1630 672 1690 ut
689 1629 868 1707 quiescatis
885 1630 1019 1707 propter
1072 1625 1331 1690 blandimentum
1347 1628 1499 1704 bonoris3
1512 1628 1549 1690 in
1570 1628 1662 1697 lana,
1677 1628 1873 1701 diritiae3iu

220 1739 296 1784 eum
311 1724 367 1801 qui
383 1724 468 1786 dixit
482 1725 603 1786 animm
618 1741 687 1787 suae
702 1748 709 1786 :
725 1727 845 1788 Anima
857 1742 942 1798 mea,
956 1727 1019 1787 ha·
1072 1740 1184 1797 carne,
1209 1724 1354 1787 carnalia
1376 1724 1542 1803 voluptas.
1566 1725 1629 1797 Qui
1655 1740 1737 1801 ergo
1763 1724 1873 1786 eccle-

219 1819 279 1881 bes
294 1822 397 1882 multa
409 1820 495 1882 bona
510 1823 657 1899 reposita
671 1823 708 1883 in
722 1838 828 1885 annos
844 1823 1016 1901 plurimos
1072 1822 1156 1884 siam
1176 1822 1338 1901 suscepit,
1359 1839 1427 1885 non
1448 1824 1486 1885 ut
1508 1825 1575 1884 Deo
1599 1823 1738 1895 serviat,
1761 1822 1820 1882 sed
1841 1822 1875 1883 ut

219 1917 369 1992 Quiesce,
393 1919 539 1992 comede,
563 1919 710 1997 epulare,
738 1921 772 1982 et
794 1920 881 1993 bibe,
903 1920 961 1983 sed
981 1923 1019 1983 ut
1071 1920 1785 1998 temporalembonoremacquiratproiecte
1794 1935 1876 1980 men

217 2014 361 2077 labores.
378 2017 484 2077 Homo
509 2016 599 2077 enim
623 2017 772 2078 nascitur
786 2016 828 2079 ad
858 2016 1015 2087 laborem,
1071 2017 1228 2079 canarius
1242 2019 1302 2091 θεῖ,
1319 2017 1398 2095 quia
1419 2017 1472 2079 lac
1490 2017 1554 2078 sibi
1572 2018 1705 2096 queant.
1722 2019 1873 2094 Itemqui

219 2111 292 2174 avis
302 2114 413 2175 autem
428 2113 468 2174 ad
481 2114 676 2189 volandum3
704 2130 770 2176 non
785 2116 822 2177 ut
839 2116 1015 2192 torpeatis;
1073 2115 1114 2177 cb
1130 2115 1193 2177 hoc
1207 2115 1383 2177 ecclesiam
1396 2115 1511 2187 intrat,
1524 2130 1591 2176 non
1601 2118 1638 2177 ut
1652 2118 1722 2177 Deo
1738 2113 1873 2184 serviat,

219 2210 297 2287 quia
319 2210 531 2272 maledicitur
552 2210 650 2272 bomo
672 2212 852 2273 secundum
872 2212 1019 2290 propbe-
1071 2213 1129 2275 sed
1144 2213 1223 2291 quia
1237 2229 1312 2275 eam
1326 2212 1460 2274 divitem
1482 2228 1556 2274 esse
1577 2213 1764 2289 cognoscit,
1785 2228 1874 2273 mer-

216 2308 284 2369 tam
296 2309 315 2370 J
318 2310 487 2380 eremiam,
504 2307 560 2386 qui
576 2324 659 2386 opus
672 2309 731 2370 Dei
745 2309 824 2371 iecit
838 2310 1016 2387 negligen-
1070 2312 1225 2373 cenarius
1240 2314 1300 2384 θεῖ,
1317 2311 1395 2389 quia
1409 2310 1521 2372 lanam
1535 2310 1769 2388 principaliter
1788 2326 1874 2388 qua·

216 2404 279 2477 ter,
309 2404 367 2466 sed
392 2406 427 2467 ut
452 2405 596 2467 fructum
627 2404 776 2481 iaciatis;
806 2422 874 2468 non
904 2407 1016 2484 utique
1070 2409 1125 2471 rit
1142 2409 1204 2481 Qui
1217 2424 1298 2470 rere
1313 2408 1489 2470 ecclesiam
1502 2408 1654 2485 suscipit,
1670 2424 1740 2469 non
1756 2410 1794 2469 nt
1808 2424 1874 2469 ser·

216 2502 359 2565 iructum
372 2505 428 2582 qui
443 2504 540 2582 perit,
564 2504 620 2565 sed
645 2503 702 2583 qui
724 2507 894 2583 permanet
914 2506 951 2566 in
964 2506 1018 2567 vi·
1070 2506 1140 2570 viat
1160 2509 1248 2579 Deo,
1274 2506 1332 2568 sed
1354 2507 1391 2568 ut
1411 2506 1448 2567 in
1466 2521 1507 2567 ea
1525 2506 1624 2583 plene
1646 2506 1870 2579 comedendo,

215 2602 285 2663 tam
298 2603 468 2666 aeternam.
485 2606 531 2666 De
547 2620 611 2682 que
627 2603 698 2682 ipse
713 2604 872 2666 Dominus
891 2603 939 2666 ait
951 2604 1016 2666 dis-
1069 2604 1222 2677 bibendo,
1234 2604 1447 2676 luxuriando,
1457 2604 1644 2681 voluptates
1655 2604 1771 2665 carnis
1782 2620 1873 2665 exer·

216 2699 336 2776 cipulis
353 2722 361 2759 :
383 2705 480 2773 Ecce,
494 2702 617 2776 lnquit
630 2703 868 2776 posuissent
881 2703 1015 2764 eatteel
1069 2703 1153 2772 ceat,
1170 2703 1397 2763 mercenarius
1419 2702 1481 2774 est,
1493 2703 1570 2779 quia
1585 2717 1724 2763 carnem
1739 2702 1868 2779 quaemt

214 2797 538 2872 ductumafferatle
552 2800 587 2859 et
599 2800 862 2873 metusvmter
874 2800 1016 2861 occaect
1069 2802 1200 2877 Deque
1224 2800 1383 2861 Dominus
1401 2800 1449 2861 ait
1471 2821 1480 2859 z
1501 2801 1565 2866 out
1585 2800 1790 2860 mulctrat
1808 2814 1872 2874 per

218 2892 329 2973 (loen.
355 2911 411 2967 xv,
436 2893 500 2974 16).
530 2897 616 2957 Nam
638 2897 746 2959 omnis
770 2898 956 2975 corruptela
979 2899 1015 2958 ln
1068 2899 1197 2960 cattum
1207 2902 1246 2959 la
1260 2902 1346 2961 ealle
1361 2898 1712 2960 octumsedescendtt
1721 2900 1870 2965 aliunde,

216 2992 338 3069 populo
349 2993 579 3071 principaliter
588 2993 1012 3071 proceditasacerdotibus,
1068 2998 1124 3058 tlte
1134 2998 1195 3070 tur
1208 2996 1260 3057 eat
1273 2996 1307 3057 et
1320 2995 1412 3058 latro
1427 2994 1549 3074 (dean,
1564 3010 1598 3067 1,
1616 2993 1662 3072 1).

215 3089 294 3166 quia
306 3090 336 3150 si
350 3092 506 3152 sacerdos
525 3092 581 3169 qui
603 3093 653 3154 est
674 3093 794 3155 unctus
816 3080 1012 3170 peccaverit,
1108 3093 1203 3154 ovile
1217 3093 1331 3154 ovium
1353 3093 1474 3155 Sancta
1494 3092 1642 3154 Dcclesia
1662 3094 1731 3166 est;
1751 3094 1869 3154 esbum

215 3185 297 3248 lacit
311 3186 504 3265 delinquere
523 3190 691 3266 populum.
713 3190 890 3252 Peccatum
907 3206 1015 3252 sacen
1068 3206 1148 3252 vero
1163 3190 1314 3254 Christus
1333 3190 1393 3262 est,
1417 3190 1504 3251 sicut
1522 3190 1595 3266 ipse
1612 3190 1660 3251 ait
1677 3212 1684 3248 :
1699 3194 1776 3264 Epo
1793 3204 1868 3251 sum

214 3283 301 3346 dotis
325 3287 383 3347 aut
404 3285 535 3362 praelati
556 3287 633 3347 aliis
652 3286 859 3359 damnosum,
878 3287 935 3348 sed
950 3287 1013 3349 sibi
1068 3289 1206 3350 celtum.
1219 3289 1281 3360 Qui
1292 3304 1372 3365 ergo
1381 3288 1528 3350 intralia
1539 3287 1628 3348 ovile
1637 3287 1764 3359 ovium,
1774 3287 1867 3357 idest

216 3382 440 3459 periculosum
462 3383 586 3445 existit.
607 3384 703 3445 Certe
719 3384 797 3445 dum
809 3384 887 3446 laici
901 3384 1014 3447 vident
1068 3383 1104 3444 in
1120 3383 1267 3461 abquam
1282 3384 1458 3445 ecclesiam
1472 3398 1540 3444 non
1555 3398 1615 3460 per
1627 3384 1765 3455 estium,
1777 3383 1869 3453 idest,

214 3480 404 3542 sacerdotes
419 3496 479 3542 seu
494 3481 650 3558 praelatos
662 3481 804 3559 turpiter
815 3482 849 3545 et
862 3483 1011 3544 enormi·
1067 3496 1135 3542 non
1148 3482 1283 3557 propter
1297 3481 1412 3552 Deum,
1433 3480 1497 3541 boc
1511 3481 1572 3552 est,
1593 3479 1631 3541 ut
1649 3481 1722 3540 Deo
1736 3479 1869 3550 serviat,

212 3575 265 3638 ter
276 3577 486 3651 excedentes,
509 3578 575 3656 ipsi
592 3595 708 3641 eorum
723 3579 876 3658 exemplo
891 3580 933 3642 ad
946 3581 1014 3642 inl·
1069 3578 1128 3640 sed
1151 3578 1302 3640 ascendit
1323 3577 1474 3649 aliunde,
1497 3577 1598 3653 idest,
1621 3578 1660 3638 ut
1683 3577 1791 3638 alium
1812 3575 1872 3637 sibi

212 3673 356 3750 quitates
371 3677 403 3736 et
418 3676 546 3737 scelera
558 3676 786 3753 prolabuntur.
801 3679 947 3755 cumque
956 3693 1014 3740 re-
1068 3675 1222 3753 acquirat
1237 3675 1408 3747 bonorem,
1424 3674 1592 3742 videlicet,
1608 3674 1748 3737 divitias
1761 3675 1797 3735 et
1808 3689 1870 3734 vo-

213 3769 463 3845 prehenduntur
471 3770 641 3848 abaliquo,
649 3775 799 3850 protinus
808 3777 1014 3837 seexcusant
1068 3773 1211 3850 luptates
1226 3773 1391 3846 carnales,
1406 3772 1465 3833 ille
1479 3771 1627 3849 proiecto
1642 3771 1698 3832 tur
1710 3771 1810 3833 estet
1825 3770 1876 3831 la·

212 3865 361 3928 dicentes
384 3887 392 3926 ι
415 3868 525 3928 «Non
550 3870 657 3944 potest
680 3869 770 3931 iilius
801 3870 923 3943 iacere,
946 3873 1012 3934 nisi
1067 3872 1131 3933 tro.
1146 3871 1254 3933 Malus
1268 3871 1358 3932 enim
1373 3870 1486 3947 pastor
1504 3868 1632 3931 idcirco
1644 3868 1874 3930 mercenarius

211 3962 298 4039 qued
318 3964 446 4041 patrem
467 3964 589 4026 viderit
611 3964 788 4031 facientem
808 3983 828 4028 a
852 3964 962 4047 (loen.
975 3985 1010 4039 v,
1066 3969 1201 4041 dicitur,
1218 3968 1297 4046 quia
1310 3967 1494 4029 mercedem
1508 3968 1630 4045 quaerit
1644 3966 1873 4029 tantummodo

212 4058 277 4139 19).
295 4061 334 4123 Εῖ
361 4061 516 4124 suflicit«
536 4062 699 4140 discipulo
723 4064 752 4125 εί
770 4066 814 4127 sit
839 4065 926 4129 sicut
939 4082 1012 4129 ma·
1064 4065 1281 4142 temporalem
1296 4065 1329 4127 et
1341 4079 1462 4126 ranam
1481 4064 1638 4141 gloriam,
1655 4080 1721 4126 non
1737 4064 1872 4124 utilita-

210 4157 315 4233 gister
338 4161 410 4236 ejus
432 4152 455 4217 a
476 4157 570 4237 (Luc.
598 4176 646 4233 m,
670 4159 735 4240 40).
761 4163 934 4240 Impletum
960 4164 1011 4227 θεῖ
1065 4163 1133 4226 tem
1152 4163 1263 4224 ovium
1283 4177 1431 4224 suarum.
1454 4163 1495 4224 ut
1513 4162 1589 4224 ideo
1608 4178 1678 4223 non
1699 4161 1776 4223 sunt
1798 4163 1873 4238 ejus

209 4254 291 4316 illud
303 4255 531 4333 propheticum
546 4279 554 4317 ε
570 4274 589 4318 c
604 4259 674 4320 Erit
695 4259 781 4322 sicut
800 4262 940 4338 populus
961 4262 1010 4323 sic
1064 4276 1143 4322 oves
1157 4260 1311 4338 propriae,
1328 4259 1406 4337 qnia
1420 4274 1488 4321 non
1500 4260 1595 4321 curat
1607 4259 1648 4322 de
1661 4260 1728 4333 eis,
1744 4259 1864 4320 sedvi-

209 4354 367 4416 sacerdos
390 4355 541 4435 ›(0see,
564 4371 611 4428 rr,
633 4355 679 4436 9).
703 4357 857 4429 Quinimo
878 4379 886 4420 ι
909 4363 1008 4422 Era-
1063 4357 1117 4420 det
1138 4357 1253 4435 lupum
1272 4357 1471 4426 venientem,
1494 4356 1590 4429 idest,
1616 4355 1791 4418 diabolum
1811 4354 1863 4417 vel

209 4452 315 4524 besec,
336 4451 817 4534 Stdon,attmarc(1s.xm11,
833 4455 879 4535 4).
1063 4455 1256 4517 baereticum
1277 4453 1502 4526 insidiantem,
1518 4454 1578 4515 aut
1596 4453 1781 4530 quemlibet
1798 4454 1862 4514 ho-

249 4549 336 4610 Hinc
351 4550 462 4611 omnia
489 4550 578 4611 mala
601 4552 802 4628 proveniunt
826 4553 863 4615 in
886 4555 1008 4631 populo
1064 4552 1189 4613 minum
1210 4551 1376 4629 potentem
1399 4551 1459 4612 Dei
1482 4551 1642 4628 populum
1668 4552 1863 4629 opprimen-

210 4643 409 4709 cbristiano.
435 4647 527 4709 Perit
541 4646 633 4720 tides,
654 4649 775 4726 religio
791 4650 1006 4724 deformatur,
1062 4651 1139 4721 tem,
1153 4648 1187 4711 et
1199 4648 1335 4710 dimittit
1349 4663 1428 4709 oves
1442 4648 1476 4710 et
1485 4648 1580 4725 iugit,
1592 4648 1672 4726 quia
1687 4649 1785 4710 timet
1800 4664 1862 4710 ex-

209 4739 347 4802 libertas
371 4742 596 4818 contunditur,
620 4747 751 4823 Justitia
781 4748 1006 4822 conculcatur,
1063 4762 1185 4824 ponere
1198 4762 1234 4807 se
1248 4745 1416 4823 periculis.
1433 4744 1529 4808 Unde
1538 4746 1700 4807 Dominus
1710 4749 1863 4823 perlice-

209 4835 358 4898 haeretici
370 4839 544 4915 pullulant,
567 4842 772 4907 insolescunt
789 4845 1005 4919 schismatici,
1062 4843 1202 4905 cbielem
1217 4842 1266 4904 ait
1283 4841 1471 4920 pasteribus
1488 4845 1591 4905 :Non
1603 4843 1863 4905 αεθεηαῖεῖῖεθε

210 4931 327 5008 pertldi
373 4937 515 4998 saeviunt
552 4941 587 5000 θῖ
626 4940 809 5016 praevalent
848 4944 1005 5020 agareni.
1061 4943 1340 5014 adversamque
1354 4939 1560 5014 macerata
1573 4953 1636 5001 vos
1644 4953 1863 5015 mitrumpro

209 5031 355 5104 Tempus
364 5032 453 5094 enim
467 5036 528 5105 est,
543 5034 628 5096 sicut
640 5035 757 5098 beatus
772 5041 890 5102 Petrus
904 5046 1007 5118 Apos-
1061 5040 1160 5100 donae
1183 5039 1306 5108 lsrael,
1326 5037 1366 5097 ut
1383 5037 1529 5098 staretis
1548 5039 1586 5097 in
1600 5038 1722 5110 pretio
1745 5042 1784 5099 in
1811 5040 1863 5098 dle

209 5124 296 5186 tolus
312 5128 369 5199 ait,
389 5131 429 5190 ut
444 5133 619 5202 judicium
633 5135 923 5209 compotatione
942 5143 1008 5201 Det
1061 5138 1200 5197 Domini
1223 5131 1367 5212 (Erech,
1390 5148 1466 5205 1111,
1492 5120 1537 5211 δ’).
1560 5134 1623 5194 Hic
1649 5137 1768 5211 pastor
1794 5135 1863 5195 sire

209 5221 240 5297 (Ι
255 5223 343 5283 Petr.
358 5239 405 5296 rr,
423 5225 487 5304 17).
1062 5232 1168 5293 malus
1182 5231 1341 5308 praelatus
1354 5230 1516 5307 dispergit
1529 5245 1608 5292 oves
1619 5230 1797 5293 christiin
1814 5248 1865 5309 sy·

250 5318 312 5377 Hic
337 5320 426 5380 enim
444 5322 563 5383 tertius
586 5325 710 5400 pastor,
733 5329 870 5405 scilicet,
898 5334 1007 5395 malus
1062 5345 1192 5406 nagoga
1215 5330 1353 5399 satanae,
1376 5326 1440 5388 hoc
1461 5330 1523 5399 est,
1546 5328 1581 5389 in
1603 5330 1863 5406 congregatione

209 5412 367 5486 praelatus
397 5414 558 5493 dispergit
580 5434 659 5481 oves
689 5426 826 5487 secundi
850 5432 1004 5507 pastoris,
1061 5426 1325 5504 malignantium.
1348 5428 1395 5486 De
1414 5440 1487 5503 qua
1502 5424 1585 5486 dicit
1605 5426 1710 5488 David
1734 5448 1742 5487 :
1767 5429 1862 5489 odiel

211 5506 349 5579 scilicet,
366 5510 500 5574 Christi.
517 5514 611 5576 Unde
623 5515 659 5577 in
673 5520 851 5599 Evangelio
868 5531 1007 5603 zlapue
1059 5524 1344 5603 concrepatione-s
1374 5526 1609 5600 manoperam
1637 5523 1708 5604 (Ps.
1733 5524 1791 5596 25,
1816 5522 1860 5601 5).

212 5601 305 5670 repa
320 5605 353 5662 θῖ
371 5605 531 5681 dispergit
550 5625 639 5683 oves,
657 5613 753 5689 idest,
768 5620 914 5701 dispergi
929 5640 1007 5702 per·
1060 5623 1157 5684 Tales
1178 5621 1256 5683 sunt
1278 5622 1428 5699 pastores
1456 5619 1512 5698 qui
1537 5636 1605 5696 nou
1627 5622 1697 5683 tam
1721 5622 1860 5684 amntem
