3960 6188
228 379 290 441 827
694 368 871 431 HONORII
892 367 937 427 111
959 364 1107 427 OPERA.
1123 392 1162 409 -
1177 362 1409 426 SERMONES.
1822 359 1878 423 828

231 539 397 602 braeorum
422 533 642 596 laudaverunt
668 528 835 591 Christum
856 524 1028 588 dicentest
1084 524 1214 587 vertice
1240 524 1411 586 mmittum
1446 522 1561 601 (Mich.
1590 541 1636 598 rr,
1665 523 1710 606 1).
1746 530 1881 593 Domum

232 640 401 706 Hosanna,
417 630 609 693 benedictus
631 627 687 706 qui
712 626 803 687 uenit
830 624 866 685 in
896 622 1029 684 nomine
1083 620 1214 683 Domini
1230 620 1469 683 humanitatem
1480 624 1550 700 jam
1572 622 1720 685 diximus
1738 626 1880 689 Christi:

231 732 383 805 Domini3
399 731 446 792 ita
460 730 492 790 et
505 743 577 799 nos,
591 721 940 796 hatres,laudabimus
953 735 1029 780 eum
1084 720 1179 779 Mons
1190 719 1305 780 domus
1320 719 1461 790 Domini,
1474 719 1634 781 celsitudo
1649 720 1877 786 humanitatis.

232 830 266 892 in
281 827 537 891 resurrectione.
547 826 587 886 Et
599 822 684 883 sicut
696 820 846 881 Christus
859 818 1028 893 ingressus
1084 816 1147 877 Sed
1174 832 1269 877 mons
1301 816 1364 877 iste
1396 832 1497 893 super
1528 818 1685 879 verticem
1720 823 1879 883 montium

231 928 282 991 est
291 943 366 988 cum
377 925 425 986 eis
439 925 475 985 in
488 923 636 983 sanctam
649 917 816 980 civitatem
829 913 1026 985 Jerusalem,
1083 914 1301 990 praeparatur.
1324 915 1409 973 Nam
1437 913 1515 975 licet
1540 914 1608 975 sint
1628 916 1743 991 plnres
1765 919 1823 993 qui
1843 920 1879 979 ad

230 1026 278 1087 ita
293 1024 326 1085 et
336 1024 409 1099 ipse
423 1017 627 1096 ingredietur
637 1015 819 1083 nobiscum,
832 1014 864 1074 et
878 1027 939 1072 nos
954 1026 1027 1072 curn
1083 1009 1230 1071 coelestia
1249 1009 1508 1086 propinquantes
1519 1013 1595 1087 jure
1610 1027 1670 1087 per
1683 1012 1764 1073 vitae
1779 1016 1878 1074 meri-

229 1137 269 1183 eo
283 1120 450 1182 ciuitatem
465 1115 642 1177 coelestem.
1081 1107 1151 1166 turn
1178 1107 1307 1166 montes
1334 1107 1504 1179 vocentur,
1539 1107 1741 1170 excellentia
1773 1112 1878 1173 tamen

270 1214 370 1279 Venit
385 1228 464 1289 ergo
479 1206 724 1287 Bethphagead
742 1205 885 1267 montem
901 1202 1025 1273 oliveti,
1082 1202 1298 1264 humanitatis
1322 1203 1503 1264 Dominicae
1527 1204 1631 1265 uitam
1659 1205 1811 1268 omnium
1840 1224 1878 1270 ex

230 1329 331 1392 quum
345 1312 491 1372 nostram
503 1307 595 1369 uenit
606 1320 737 1366 sumere
751 1303 915 1374 naturam,
931 1301 1025 1371 idest,
1082 1298 1255 1362 divinitate
1274 1300 1489 1361 transcendit.
1511 1301 1590 1361 Inde
1609 1302 1670 1373 est,
1687 1304 1778 1379 quod
1799 1321 1876 1366 unus

229 1409 362 1489 quando
376 1404 550 1469 inclinavit
571 1403 682 1473 coelos,
700 1398 923 1464 etdescendit.
946 1400 1029 1459 Des-
1082 1396 1122 1456 de
1143 1395 1327 1467 montibus,
1349 1397 1451 1468 idest,
1475 1396 1517 1458 de
1537 1398 1741 1474 patriarchis
1766 1400 1874 1462 dixit:

227 1507 340 1570 cendit
354 1506 388 1566 in
403 1505 553 1573 matrem,
571 1500 628 1562 sed
649 1498 810 1560 remansit
826 1512 899 1558 cum
915 1496 1024 1557 Patre.
1080 1496 1159 1555 Non
1187 1507 1267 1556 sum
1297 1507 1360 1570 epo
1388 1497 1513 1570 diguus
1540 1499 1734 1572 comptam
1752 1503 1878 1560 calceo-

231 1600 382 1677 Suscepit
405 1597 656 1664 humanitatem,
680 1593 737 1654 sed
758 1591 896 1654 retinuit
916 1589 1026 1651 deita-
1080 1592 1190 1651 menti
1200 1594 1276 1663 mets
1286 1596 1418 1652 solvere
1431 1588 1540 1669 (toan.
1554 1606 1578 1660 r,
1589 1590 1656 1671 21).
1669 1593 1767 1654 Unde
1783 1596 1876 1656 etiam

225 1701 306 1762 tem.
333 1698 418 1757 Nam
438 1694 534 1771 juxta
558 1694 720 1754 loannem
745 1711 753 1749 z
781 1692 928 1751 Verbum
945 1702 1027 1748 caro
1081 1703 1176 1748 mons
1206 1688 1320 1749 oliveti
1348 1689 1503 1755 vocatur,
1529 1689 1625 1765 quia,
1654 1690 1744 1751 sicut
1773 1691 1875 1753 oleum

230 1792 423 1870 factumest
436 1788 643 1850 etbebitavtt
653 1790 690 1847 iu
701 1789 795 1847 uobis
806 1783 915 1863 (toan.
926 1799 949 1855 1,
961 1781 1025 1861 14).
1081 1785 1211 1847 caeteris
1223 1783 1406 1861 liquoribus
1421 1785 1567 1857 excellit,
1575 1786 1621 1846 ita
1631 1787 1758 1848 Christi
1770 1790 1877 1849 incar—

229 1889 376 1952 Verbum
398 1903 476 1948 caro
502 1885 625 1947 tactum
647 1884 708 1955 est,
726 1882 814 1943 tilius
836 1880 906 1952 Dei,
924 1880 1024 1950 idest,
1081 1881 1226 1943 nationis
1250 1880 1436 1944 sublimitas
1459 1882 1612 1944 omnibus
1637 1883 1764 1946 eminet
1782 1886 1877 1947 uirtu-

229 1985 388 2047 Dominus
412 1984 616 2054 incarnatns‚
634 1980 798 2050 videlicet,
819 1978 978 2040 Dominus
994 1981 1027 2037 et
1082 1978 1179 2040 tibus.

227 2084 326 2145 homo
358 2082 414 2160 qui
438 2080 544 2142 tactus
572 2080 622 2141 est
645 2094 688 2140 ex
711 2077 837 2138 semine
854 2075 957 2137 David
973 2090 1028 2135 se·
1122 2076 1299 2137 Sciendum
1316 2078 1367 2139 est
1382 2076 1467 2154 quod
1482 2077 1605 2154 triplex
1622 2078 1675 2140 est
1689 2079 1815 2151 oleum,
1829 2081 1877 2140 ri·

228 2181 372 2241 cundum
396 2193 541 2240 carnem.
566 2179 652 2237 Nam
680 2191 755 2236 cum
777 2174 814 2234 iu
837 2172 943 2234 torma
966 2172 1026 2232 Dei
1081 2172 1210 2246 delicet,
1225 2174 1409 2251 spiritualis
1424 2174 1552 2247 laetitia,
1569 2175 1719 2237 charitas
1735 2179 1874 2248 sincera,

227 2279 330 2350 esset,
353 2292 419 2337 non
444 2275 597 2351 rapinam
625 2272 804 2335 arbitratus
826 2270 876 2332 est
896 2285 970 2331 esse
990 2284 1026 2330 se
1080 2271 1309 2333 misericordia
1327 2287 1419 2333 vera.
1443 2272 1631 2349 Spiritualis
1653 2273 1774 2335 laetitia
1795 2274 1876 2336 dici-

226 2374 387 2453 aequalem
398 2376 476 2434 Deo.
486 2373 571 2433 Nam
582 2369 720 2447 aequalis
735 2372 787 2430 est
799 2367 890 2429 Patri
901 2382 1025 2428 secun·
1080 2369 1136 2430 tur
1149 2369 1269 2439 oleum,
1284 2368 1363 2445 quia
1377 2368 1524 2430 laetificat
1538 2368 1657 2430 taciem
1672 2370 1834 2443 hominis,
1847 2374 1877 2433 et

226 2470 304 2533 dum
330 2470 552 2542 diuinitatem,
580 2468 689 2528 minor
717 2466 816 2527 Patre
846 2465 1026 2526 secundum
1080 2464 1188 2526 reddit
1202 2481 1274 2526 eam
1292 2465 1417 2527 claram
1432 2465 1568 2528 inbono
1585 2483 1698 2545 opere.
1715 2469 1874 2540 Quia,si-

226 2568 477 2639 humanitatem‚
505 2566 584 2644 quia
617 2563 803 2625 exinanivit
825 2577 861 2624 se
887 2560 1026 2622 tonnam
1080 2564 1135 2625 cut
1149 2563 1258 2624 oleum
1270 2562 1380 2624 reddit
1396 2561 1516 2624 taciem
1533 2564 1704 2636 mundam,
1726 2566 1758 2625 si
1779 2566 1875 2627 tuerit

227 2665 318 2727 serui
345 2665 513 2742 accipiens
540 2663 575 2723 in
609 2660 825 2722 similitudine
855 2659 1025 2721 hominum
1079 2660 1249 2737 peruncta,
1269 2659 1316 2721 ita
1337 2659 1522 2736 spiritualis
1546 2661 1663 2723 laetitia
1678 2662 1792 2725 reddit
1805 2663 1876 2724 ard·

226 2761 344 2833 tactus,
374 2762 407 2822 et
433 2758 549 2820 habitu
574 2759 729 2821 inuentus
757 2758 794 2818 ut
818 2756 928 2818 homo.
962 2756 1025 2828 Qui
1080 2774 1167 2818 mam
1179 2756 1375 2833 praeclaram
1386 2757 1422 2817 in
1437 2756 1534 2818 bonis
1546 2757 1716 2834 operibus,
1734 2759 1831 2821 Unde
1845 2762 1874 2822 et

225 2874 328 2937 quum
340 2858 384 2919 stt
397 2857 566 2927 Dominus,
581 2870 642 2932 pro
663 2853 759 2915 nohis
773 2852 880 2914 iactus
898 2854 950 2914 est
963 2852 1027 2913 ho·
1080 2854 1208 2932 antiqui
1226 2854 1262 2915 in
1283 2853 1399 2915 diebus
1425 2853 1553 2916 testiris
1572 2856 1645 2916 oleo
1661 2857 1872 2933 ungebantur

226 2971 291 3027 mo,
306 2970 406 3032 quum
422 2954 465 3013 sit
476 2952 648 3023 Dominus,
666 2966 726 3028 pro
743 2948 839 3011 nohis
854 2948 960 3010 tactus
975 2950 1026 3010 est
1079 2951 1120 3013 ad
1135 2950 1299 3013 decorem.
1314 2953 1361 3013 De
1373 2951 1436 3012 hoc
1450 2951 1525 3012 oleo
1537 2952 1660 3013 dicitur
1674 2954 1711 3014 in
1718 2956 1870 3017 Psalmo:

227 3067 356 3122 servus,
367 3066 466 3129 quum
475 3050 519 3111 sit
526 3049 674 3119 Creator,
684 3062 744 3126 pro
757 3045 852 3108 nobis
861 3044 966 3107 tactus
975 3045 1026 3107 est
1083 3049 1188 3110 Discit
1209 3048 1242 3110 te
1257 3051 1427 3110 Dominus
1439 3051 1631 3112 Demetrius
1649 3056 1724 3113 oleo
1746 3054 1872 3114 toetittae

225 3149 390 3221 creatura,
405 3146 535 3224 quando
554 3161 574 3206 a
594 3160 721 3205 summo
736 3143 820 3205 coelo
834 3142 897 3204 tuit
910 3157 1026 3218 egres·
1079 3143 1148 3224 (Ps.
1164 3147 1214 3217 44,
1230 3144 1276 3226 8).
1290 3145 1352 3218 Qui
1367 3145 1437 3206 uult
1448 3160 1529 3221 ergo
1543 3162 1604 3207 sua
1617 3162 1722 3224 opera
1734 3149 1871 3211 Domino

225 3246 276 3307 sio
291 3249 373 3323 ejus,
388 3245 422 3306 et
433 3243 584 3321 pervenit
597 3257 702 3319 usque
715 3240 749 3302 in
763 3240 893 3302 uterum
907 3240 1023 3301 matris
1078 3258 1151 3304 esse
1171 3242 1316 3319 accepta,
1340 3241 1461 3304 habeat
1474 3243 1584 3304 oleum
1606 3243 1734 3307 laetitiae
1752 3247 1788 3306 in
1810 3262 1872 3308 suo

225 3346 310 3421 eJus,
325 3358 345 3404 a
360 3340 439 3403 sede
463 3340 617 3402 uidelicet
631 3339 752 3407 Patris,
766 3337 808 3398 ad
826 3337 934 3398 sinum
950 3352 1024 3398 ma·
1077 3354 1167 3412 vase,
1185 3339 1280 3413 idest,
1300 3340 1335 3400 in
1351 3356 1411 3402 sno
1429 3339 1539 3412 corde,
1556 3340 1636 3418 quia
1650 3342 1795 3404 hilarem
1808 3344 1870 3404 da-

223 3440 296 3512 tris,
319 3455 340 3500 a
360 3437 469 3515 gloria
480 3436 675 3514 majestatis,
684 3434 725 3497 ad
746 3435 871 3497 luctum
881 3434 1023 3511 poenali·
1075 3438 1181 3498 torem
1203 3436 1312 3513 diligit
1334 3439 1434 3498 Deus.
1458 3437 1617 3514 Alioquin
1642 3439 1773 3516 lampas
1800 3443 1870 3517 ejus

221 3537 312 3608 tatis,
336 3551 356 3596 a
385 3535 469 3596 solio
500 3534 631 3596 excelso
661 3536 694 3593 et
722 3531 819 3593 trono
841 3531 959 3607 regali,
980 3530 1020 3593 ad
1076 3533 1292 3610 extinguitur,
1308 3533 1372 3595 hoc
1386 3533 1446 3605 est,
1462 3532 1585 3595 bonnm
1600 3550 1719 3611 opusa
1734 3539 1802 3598 Deo
1816 3552 1871 3597 re-

220 3630 536 3709 oidcinampeccati,
552 3647 571 3691 a
588 3628 763 3705 splendore
777 3627 861 3689 lucis
873 3630 1019 3698 aeternae,
1075 3630 1245 3708 probatur.

220 3729 261 3789 ad
272 3729 391 3790 testam
402 3728 442 3787 de
453 3726 556 3787 seniis
571 3725 1017 3803 terrae,apotentiaD0mini,
1114 3728 1266 3789 Charitas
1280 3727 1412 3790 sincera
1431 3727 1555 3791 dicitur
1572 3730 1695 3804 olenm;
1711 3731 1803 3807 quia,
1821 3731 1873 3792 si-

220 3825 262 3887 ad
278 3824 419 3886 formam
437 3822 537 3893 servi,
551 3838 571 3882 a
586 3821 758 3898 majestate
768 3822 964 3897 imperandi,
977 3822 1019 3883 ad
1074 3824 1129 3885 cut
1143 3825 1252 3885 oleum
1266 3824 1317 3886 eet
1330 3825 1570 3887 nutrimentum
1586 3827 1670 3902 ignis
1684 3826 1720 3887 iu
1736 3826 1874 3905 lampa-

219 3920 458 3999 subjectionem
495 3918 680 3988 serviendi,
721 3931 741 3977 a
778 3918 1019 3994 tranquillitate
1073 3920 1179 3993 dibus,
1191 3921 1237 3982 ita
1250 3920 1397 3982 charites
1412 3922 1463 3983 est
1475 3923 1715 3985 nutrimentum
1727 3926 1871 4001 iustitia

221 4019 353 4097 quietis,
366 4012 833 4092 adtempestaiemlaborisab
844 4013 1017 4077 altitudine
1072 4018 1107 4078 in
1120 4012 1207 4079 bona
1222 4018 1426 4095 operatione.
1452 4020 1595 4097 Lampas
1617 4020 1692 4083 sine
1707 4021 1784 4083 oleo
1802 4038 1871 4083 non

219 4114 345 4176 excelsi
356 4111 548 4184 habitaculi,
556 4111 598 4172 ad
610 4110 830 4172 humilitatem
847 4110 1016 4173 terrestris
1071 4115 1179 4192 potest
1192 4114 1314 4186 lucere,
1331 4116 1366 4177 et
1377 4114 1500 4177 bonum
1518 4131 1601 4193 opus
1616 4118 1690 4179 sine
1705 4118 1869 4180 charitate

217 4211 374 4284 cubiculi,
391 4209 549 4287 apalatio
568 4207 655 4281 coeli,
677 4208 718 4269 ad
738 4208 906 4284 tugurium
928 4226 1018 4287 pree-
1071 4228 1138 4272 non
1157 4212 1265 4289 potest
1287 4211 1441 4289 cuiquam
1457 4213 1626 4290 prodesse.
1647 4215 1697 4276 De
1716 4214 1782 4277 hoc
1796 4216 1869 4277 oleo

215 4310 312 4388 septi.
1070 4308 1150 4369 dicit
1179 4308 1335 4370 Salomon
1355 4309 1390 4369 in
1416 4309 1639 4371 Ecclesiaste:
1659 4313 1764 4374 omui
1782 4313 1870 4374 terro·

255 4409 296 4470 Et
310 4408 345 4469 nt
359 4404 511 4468 visitaret
525 4420 584 4466 nos
598 4402 710 4465 oriens
723 4419 766 4464 ex
780 4403 858 4475 alto,
873 4403 906 4464 et
917 4403 1016 4465 tolle·
1065 4420 1152 4481 pore
1167 4406 1372 4468 aestimata
1382 4407 1443 4467 tua
1452 4408 1524 4467 siut
1536 4411 1696 4480 candido,
1711 4410 1747 4471 et
1760 4414 1870 4472 mum

213 4506 266 4567 ret
295 4505 366 4581 ipse
394 4519 472 4564 uere
497 4502 676 4577 languores
707 4502 852 4568 nostros,
874 4500 1015 4562 accessit
1068 4504 1110 4563 cte
1132 4503 1244 4575 capite
1264 4503 1322 4563 tuo
1344 4517 1414 4564 nore
1441 4503 1579 4574 desidat
1603 4503 1709 4583 (Eccl.
1740 4521 1793 4579 1x,
1821 4506 1867 4585 9).

214 4601 368 4677 proprius
384 4600 615 4661 Samaritanus
630 4597 670 4656 ad
687 4596 883 4668 sauciatum,
901 4598 1014 4673 pastor
1069 4598 1224 4659 Candidis
1234 4599 1439 4661 vestimentis
1453 4599 1603 4661 induitur
1614 4603 1672 4679 qui
1684 4601 1786 4664 bonis
1796 4619 1872 4681 ope-

214 4696 256 4757 ad
284 4711 379 4757 ouem
411 4694 591 4772 perditam,
620 4693 691 4755 uita
719 4692 761 4753 ad
789 4693 1010 4765 morticinum,
1067 4695 1161 4757 ribus
1186 4695 1380 4757 adornatur.
1410 4695 1473 4758 Sed
1499 4697 1584 4758 nihil
1610 4698 1752 4775 prodest
1774 4701 1868 4762 indui

213 4793 346 4868 Moyses
370 4791 412 4851 ad
436 4791 592 4868 populum
618 4790 790 4861 afflictum,
807 4789 947 4851 Elisaeus
971 4790 1013 4852 ad
1068 4792 1217 4853 candidis
1237 4793 1455 4862 uestimentis,
1471 4794 1500 4854 si
1515 4794 1609 4856 deest
1620 4796 1735 4857 oleum
1749 4798 1868 4859 chari-

212 4905 352 4967 puerum
367 4891 543 4960 mortuum,
561 4886 711 4948 Paterad
725 4886 841 4953 tilium,
854 4886 1012 4948 Dominus
1066 4890 1156 4951 tatis.
1175 4890 1218 4951 Ut
1236 4890 1345 4951 autem
1361 4905 1463 4967 opera
1478 4893 1591 4954 nostra
1606 4893 1676 4956 sint
1701 4894 1868 4974 benepla-

212 4986 254 5047 ad
278 5001 421 5058 seruum,
447 4987 583 5047 Creator
605 4984 647 5044 ad
669 4982 867 5056 creaturam,
889 4983 1011 5060 figulus
1066 4987 1131 5048 cita
1146 4988 1225 5060 Deo,
1243 4987 1352 5049 oleum
1367 5004 1434 5049 non
1453 4987 1588 5052 deficiat
1603 4989 1645 5052 de
1660 4992 1774 5070 capite
1788 5010 1871 5054 nos-

211 5083 254 5145 ad
264 5082 380 5156 lutum,
396 5083 542 5144 medicus
557 5081 599 5141 ad
612 5080 783 5155 aegrotum.
795 5082 917 5141 Verum
932 5081 1010 5158 qnid
1064 5084 1128 5156 tro,
1142 5085 1238 5156 idest,
1255 5086 1295 5147 de
1310 5087 1430 5147 mente.

210 5181 253 5243 ad
270 5180 333 5242 hoc
346 5181 459 5242 venitt
473 5181 509 5241 nt
523 5177 679 5239 educeret
691 5177 839 5237 uinctum
859 5177 1010 5239 dedomo
1104 5179 1334 5243 Misericordia
1358 5197 1440 5243 rem
1469 5181 1591 5244 dicitur
1616 5183 1743 5259 oleum,
1774 5188 1868 5264 quia,

211 5278 366 5339 carceris.
1065 5278 1151 5340 sicut
1177 5279 1286 5339 oleum
1309 5278 1360 5340 est
1382 5278 1565 5341 remedium
1593 5283 1714 5344 contra
1742 5285 1870 5347 multas

250 5376 363 5435 Potest
383 5372 493 5434 autem
517 5369 734 5431 humanitatis
759 5370 881 5433 Christi
901 5371 1009 5432 subli-
1064 5375 1274 5437 infirmitates
1298 5376 1459 5452 corporis,
1483 5377 1531 5438 ita
1560 5378 1798 5443 misericordia
1816 5382 1872 5442 est

210 5471 308 5531 mitas
338 5485 398 5546 per
427 5469 571 5530 montem
606 5466 824 5528 nihilominus
854 5468 1008 5545 intelligi,
1064 5472 1247 5534 remedium
1264 5472 1379 5533 contra
1391 5472 1600 5536 infirmitates
1613 5477 1752 5549 mentis,
1769 5478 1869 5550 idest,

211 5564 342 5625 dicente
356 5564 540 5641 proopheta
556 5585 563 5624 :
580 5565 624 5626 et
639 5565 708 5625 etti
721 5568 920 5628 rwetsstmis
938 5569 1012 5628 dte·
1066 5570 1181 5632 contra
1195 5569 1322 5632 scelera
1337 5571 1371 5630 et
1384 5572 1531 5647 peccata,
1548 5571 1626 5649 quia
1645 5588 1707 5651 per
1733 5575 1873 5637 miseri·

213 5662 273 5716 bus
296 5662 519 5733 preparatio
545 5676 645 5723 mores
665 5665 786 5725 dolorm
813 5665 953 5724 Domini
974 5666 1010 5725 tu
1066 5666 1213 5727 cordiam
1242 5667 1301 5729 Del
1327 5667 1425 5730 homo
1453 5668 1632 5731 mundatur
1661 5685 1681 5732 a
1718 5674 1871 5748 peccatis
