3952 6188
105 350 169 417 713
616 344 661 410 IN
683 348 887 411 DOMINICA
910 349 1254 411 SEPTUAGESIMAE.
1698 352 1757 411 714

105 510 229 575 laetitia
241 507 406 587 incipiunt
416 505 473 570 sed
491 508 526 569 ln
541 507 666 572 luctum
687 507 854 571 desinunt.
868 511 908 573 ut
962 510 1079 588 quarto
1098 509 1253 587 cingbur,
1272 509 1386 588 quinto
1399 510 1758 582 recalceatur,totidem

106 609 175 671 hoc
191 607 339 686 estquod
354 605 477 669 dicitur
487 628 496 667 ε
508 609 627 669 omna
639 611 739 670 domo
749 611 907 683 primam
961 608 1064 682 igitur
1076 607 1252 668 eteasdem
1266 608 1413 670 culturas
1427 608 1535 670 vineae
1551 608 1661 669 cordis
1676 624 1756 669 nos-

107 710 238 770 bonam
251 707 373 767 atnam
384 705 492 780 pontt.
516 704 630 765 Omnis
649 705 747 766 hamo
760 705 906 767 carnalis
961 705 1004 765 tri
1021 704 1240 780 spiritualiter
1261 706 1502 782 impendamus.
1525 706 1622 767 Modo
1644 705 1759 767 excal-

107 804 257 882 primum
271 802 394 863 bonum
407 801 521 863 vinum
534 803 638 880 ponit,
655 802 750 874 idest,
774 802 908 864 exhibet
962 814 1096 860 ceamus
1115 799 1248 861 vineam
1267 801 1377 861 cordis
1393 803 1498 864 nostri
1518 803 1652 879 lingone
1667 818 1759 863 com-

106 901 263 964 laeuam
290 902 326 962 et
354 899 527 961 materiam
561 899 760 975 gaudiorum
797 900 906 971 uxori,
962 896 1163 973 punctionis,
1180 897 1378 974 inquirendo
1393 901 1426 961 et
1440 901 1617 962 scrutando
1628 900 1758 961 radices

106 996 307 1077 parentibus
321 999 355 1061 et
369 996 496 1058 amicis.
517 999 647 1059 Etcum
668 996 824 1059 inebriati
835 996 909 1059 iue-
962 996 1152 1056 nostrarum
1166 995 1329 1055 malarum
1344 997 1592 1070 cogitationum,
1609 999 1643 1060 et
1654 1013 1759 1059 remo-

107 1095 189 1167 rint,
207 1095 303 1172 pouit
314 1094 347 1155 id
360 1094 446 1172 quod
468 1094 614 1157 deterius
626 1095 686 1167 est,
710 1094 788 1172 quia
802 1094 908 1156 morte
962 1090 1069 1153 vendo
1081 1093 1217 1164 terram,
1238 1091 1324 1154 idest
1339 1092 1444 1153 malos
1457 1093 1613 1155 humores
1630 1094 1663 1156 et
1682 1111 1757 1156 mo-

106 1192 292 1255 sccedente
309 1192 366 1254 dat
382 1192 554 1254 tristitiam
565 1191 762 1270 'parentibus
777 1191 810 1253 et
824 1192 909 1252 ami·
962 1189 1015 1251 tus
1039 1189 1225 1251 carnalium
1244 1190 1450 1267 voluptatum
1470 1191 1503 1253 et
1517 1191 1758 1253 desideriorum

107 1290 247 1353 risve}
263 1290 371 1367 potest
385 1289 451 1351 dici
464 1307 475 1346 ι
490 1290 589 1352 Ponit
601 1290 635 1351 id
657 1289 743 1367 quod
763 1289 908 1351 deterius
963 1287 1155 1349 illicitorum
1171 1304 1191 1348 a
1206 1287 1306 1349 corde
1325 1289 1458 1363 nostro;
1476 1289 1553 1366 quia
1569 1289 1654 1351 sicut
1668 1290 1759 1351 terra

106 1391 169 1460 est,
197 1388 278 1466 quia
305 1388 378 1465 post
392 1388 525 1465 nuptias
540 1389 723 1466 sequuntur
746 1387 910 1449 sollicitu-
964 1383 1098 1462 lingone
1113 1385 1285 1457 scinditur,
1301 1385 1346 1447 ita
1361 1386 1453 1448 durae
1470 1388 1596 1449 mentes
1616 1387 1708 1448 duris
1727 1388 1761 1449 et

106 1485 217 1558 dines,
242 1485 386 1559 dolores,
410 1484 553 1559 labores,
577 1485 784 1564 suspiciones
805 1485 839 1548 et
856 1485 908 1546 his
964 1483 1092 1559 asperis
1128 1482 1410 1561 increpationibus
1442 1485 1652 1560 molliuntur3
1681 1485 1759 1562 quia

106 1583 249 1645 similia.
963 1581 1055 1656 lingo
1068 1581 1120 1642 vel
1136 1580 1313 1642 fossorium
1329 1597 1404 1642 cum
1422 1582 1541 1658 quibus
1560 1584 1649 1644 terra
1665 1583 1758 1644 scin-

964 1677 1055 1739 ditur
1072 1677 1105 1740 et
1123 1678 1284 1755 aperitur,
1304 1676 1468 1739 rationem
1496 1680 1529 1742 et
1555 1680 1758 1741 intellectum

483 1736 539 1821 XI
964 1775 1150 1851 designant,
1165 1791 1224 1852 per
1236 1791 1318 1852 quos
1334 1777 1463 1837 occulta
1481 1778 1708 1837 creaturarum
1727 1777 1760 1838 et

193 1913 242 1975 IN
264 1914 470 1975 DOMINICA
492 1914 829 1976 SEPTUAGESMAE
963 1871 1104 1933 obscura
1120 1872 1360 1949 scripturarum
1375 1873 1498 1935 veteris
1512 1873 1635 1935 etnovi
1649 1874 1761 1935 Testa·

320 1954 332 1974 ⁴
371 1956 384 1975 ⁴
752 1962 763 1973 ‘
963 1968 1066 2030 menti
1080 1970 1243 2030 rimamur
1254 1970 1287 2031 et
1301 1970 1646 2031 evolvimusl'ineam
1660 1971 1760 2032 istam

147 2074 269 2135 Simile
284 2073 336 2134 est
351 2087 500 2149 regnum
513 2078 678 2135 caelorum
699 2075 830 2135 denatat
847 2087 910 2145 pa·
964 2066 1120 2128 debemus
1136 2067 1249 2128 fodere
1262 2083 1321 2143 per
1333 2067 1620 2128 mortificationem
1636 2068 1758 2140 carnis,

108 2170 314 2244 trtsamttias
323 2174 381 2243 qat
389 2171 476 2232 catti
483 2175 600 2243 premo
611 2173 910 2231 amaraconctacere
964 2180 1038 2240 quae
1069 2163 1219 2226 nascitur
1250 2165 1292 2226 de
1319 2164 1523 2226 scrutatione
1549 2165 1759 2241 peccatorum

108 2272 294 2342 operarios
313 2271 509 2328 tarataram
535 2284 637 2329 raam
658 2265 765 2345 (Matt.
785 2283 844 2338 xx,
863 2266 908 2344 1).
965 2261 1164 2322 nostrorum.
1195 2262 1290 2322 Unde
1323 2263 1521 2338 Apostolus:
1548 2264 1757 2335 Mortificate

26 2382 30 2391 ·
149 2366 241 2425 Sane
258 2364 427 2440 provisum
442 2366 492 2424 est
506 2365 539 2424 et
552 2363 748 2440 abantiquis
762 2363 909 2439 patribus
964 2358 1235 2420 carnesaestraa
1242 2360 1759 2433 atrrcattttretcaracupiaceatita

103 2475 150 2521 ex
166 2461 233 2521 Dei
254 2460 424 2522 voluntate
445 2460 670 2531 constitutum,
690 2462 726 2522 ut
740 2461 827 2523 sicut
844 2461 909 2522 duo
965 2469 1009 2516 ae
1022 2456 1220 2516 dominetur
1239 2456 1419 2531 peccatam
1437 2461 1474 2517 ta
1492 2459 1608 2519 aestro
1622 2458 1762 2520 mortali

102 2557 248 2618 ordines
274 2554 519 2619 conveniuntin
539 2557 697 2629 Ecclesia,
719 2557 912 2619 laicalisvi-
964 2566 1109 2626 corpora
1151 2552 1292 2631 (coloss.
1328 2568 1384 2626 111,
1421 2556 1455 2629 53
1491 2555 1597 2617 Galat.
1634 2570 1667 2627 v,
1701 2556 1759 2631 243

104 2652 476 2726 delicetetclericalis,
490 2656 524 2716 et
535 2655 608 2716 duae
622 2655 700 2717 vitae
716 2655 786 2717 sire
800 2656 909 2716 activa
965 2652 1059 2711 Rom.
1071 2665 1118 2722 vr,
1135 2650 1201 2729 12).

106 2751 143 2812 et
166 2751 436 2828 contemplativa,
462 2752 508 2814 ita
529 2768 596 2814 uno
617 2753 798 2830 eodemque
821 2756 909 2814 tem·
1006 2748 1758 2824 Siergocultoresriueaecordisnostrisumus,

107 2861 193 2923 pore
208 2847 408 2924 temporales
421 2849 569 2909 actiones
583 2849 615 2910 et
628 2849 819 2925 spirituales
835 2865 910 2909 cum
964 2847 997 2907 et
1007 2846 1048 2906 de
1058 2845 1152 2907 nobis
1162 2846 1294 2918 dicitur,
1307 2848 1390 2909 utad
1402 2848 1618 2909 excolendam
1628 2849 1760 2910 vineam

107 2943 171 3004 Dei
186 2943 307 3005 timore
324 2945 357 3006 et
371 2946 534 3008 charitate
551 2946 706 3008 similiter
720 2962 909 3008 exercean-
963 2958 1133 3004 exeamus.
1160 2944 1215 3004 Sic
1236 2943 1392 3006 debemus
1411 2962 1544 3008 vomere
1568 2947 1601 3008 et
1626 2946 1760 3021 lingone

106 3041 176 3103 tur.
196 3040 289 3102 Unde
312 3042 404 3103 scitis
421 3042 507 3121 quod
531 3043 631 3121 coepit
657 3043 754 3105 mado
777 3045 907 3120 tempus
965 3056 1052 3102 verae
1076 3042 1340 3119 compunctionis
1365 3044 1497 3105 vineam
1522 3044 1632 3104 cordis
1655 3043 1760 3105 nostri

108 3134 150 3196 de
166 3134 495 3209 culturasinearum,
510 3139 549 3198 ut
557 3138 597 3199 de
612 3139 742 3201 cultura
755 3138 791 3198 in
805 3139 910 3200 cultu·
964 3139 1179 3214 proscindere
1194 3143 1228 3200 et
1242 3139 1406 3211 laborare,
1426 3141 1463 3201 ut
1476 3142 1574 3202 vinea
1591 3141 1663 3217 ipsa
1677 3156 1773 3218 pro--

110 3246 183 3294 ram
209 3233 370 3311 paulatim
398 3236 585 3296 successive
609 3236 828 3312 procedendo,
855 3252 910 3296 se-
964 3235 1064 3296 ducat
1082 3236 1166 3296 vites
1186 3235 1389 3308 fructiferas,
1410 3238 1444 3297 et
1457 3236 1604 3313 perierat
1617 3236 1760 3299 unctum

110 3329 256 3390 cundum
281 3330 368 3407 quod
390 3331 521 3406 tempus
543 3333 704 3408 exposcit,
727 3332 909 3408 expectatae
965 3331 1184 3406 trigesimum,
1205 3333 1462 3408 sexagesimum,
1480 3336 1512 3395 et
1530 3327 1758 3397 centesimum.

111 3427 293 3489 vindemiae
308 3426 451 3489 fructum
466 3443 613 3504 congruo
627 3430 776 3506 tempore
790 3429 910 3490 cultori
966 3429 1002 3489 Si
1027 3445 1141 3490 sumus
1164 3429 1321 3505 agricolae
1340 3431 1440 3507 hujus
1455 3432 1574 3500 vineae,
1591 3431 1640 3493 sic
1658 3431 1760 3493 debe-

111 3537 171 3585 suo
188 3524 289 3586 vinea
307 3525 434 3585 reddat.
461 3525 621 3586 Similiter
633 3526 729 3587 modo
750 3526 912 3602 contingit
965 3540 1039 3587 mus
1053 3526 1186 3588 vineam
1199 3528 1308 3589 cordis
1324 3528 1429 3590 nostri
1444 3529 1609 3602 excolere,
1636 3532 1672 3591 ut
1695 3544 1759 3591 ne·

112 3621 144 3682 et
156 3621 199 3682 de
214 3622 315 3683 vinea
329 3622 508 3699 spirituali.
531 3623 628 3683 Modo
649 3623 765 3700 incipit
779 3626 909 3701 tempus
966 3640 1131 3701 quaquam
1147 3624 1218 3702 ipsa
1234 3627 1332 3687 vinea
1347 3643 1421 3703 quae
1436 3626 1623 3689 debetuvas
1637 3627 1757 3700 iacere,

114 3717 152 3779 de
163 3719 297 3780 cultura
306 3719 413 3781 vineae
427 3720 570 3781 Domini.
587 3720 664 3783 Ideo
675 3721 833 3783 statutum
847 3722 909 3785 luit
966 3721 1137 3783 labruscas
1153 3722 1287 3784 inutiles
1302 3723 1413 3785 valeat
1425 3726 1625 3800 germinare.

113 3816 149 3876 ut
161 3816 465 3893 hocEvangelium,
475 3817 668 3895 quodmodo
684 3819 836 3892 audistis,
850 3822 910 3882 tali
1004 3822 1075 3881 Hoc
1087 3818 1186 3892 facto,
1201 3822 1375 3883 veniamus
1393 3818 1433 3883 ad
1453 3823 1553 3884 aliam
1573 3824 1754 3895 culturam,

113 3910 262 3991 tempore
289 3915 325 3975 iu
353 3915 502 3976 Ecclesia
527 3916 676 3992 legatur,
703 3917 741 3978 ut
765 3918 909 3979 sciamus
965 3916 1059 3990 idest,
1068 3917 1282 3994 putationem.
1297 3919 1500 3980 Accedamus
1513 3921 1663 3982 advitam
1672 3922 1759 3996 cogi-

114 4011 188 4085 quid
202 4012 344 4089 utraque
359 4013 486 4074 cultura
500 4014 591 4075 recta
604 4014 822 4076 similitudine
835 4031 910 4075 con·
964 4015 1110 4087 tationis,
1137 4016 1169 4077 et
1190 4016 1348 4093 quidquid
1370 4017 1575 4093 superfluum
1596 4017 1630 4078 et
1644 4016 1760 4078 inutile

114 4109 214 4177 venit,
232 4110 279 4181 ut,
295 4109 380 4170 sicut
392 4110 817 4187 vineaetemporalicultum
830 4113 909 4173 dare
965 4113 999 4172 in
1014 4129 1054 4173 ea
1073 4112 1269 4184 videbimus,
1287 4130 1346 4189 per
1366 4114 1607 4191 poenitentiam,
1629 4115 1662 4176 et
1676 4131 1760 4176 can-

115 4207 267 4267 uorimus
293 4208 426 4283 propter
448 4208 676 4269 transitoriam
692 4209 906 4281 vindemiam,
965 4209 1134 4269 tritionem
1153 4210 1263 4271 cordis
1284 4212 1437 4286 putemus
1458 4211 1660 4274 ferramento
1686 4212 1760 4272 dis-

116 4299 159 4362 ita
172 4305 281 4365 rineae
296 4304 462 4380 spirituali
474 4304 622 4366 culturas
637 4305 765 4367 debitas
781 4306 911 4382 impen-
966 4305 1134 4378 cretionis,
1151 4306 1188 4367 ut
1202 4307 1320 4367 humor
1336 4307 1414 4368 boni
1430 4309 1541 4384 operis
1557 4310 1590 4369 et
1603 4308 1762 4370 desiderii

115 4396 230 4461 damus
246 4401 398 4478 pravitas
413 4406 547 4463 aeternae
566 4402 733 4463 vindemia
747 4419 807 4463 suo
824 4406 910 4465 tem·
966 4403 1007 4462 ad
1031 4403 1184 4463 utiliores
1217 4407 1328 4480 partes
1363 4406 1537 4476 ascendat,
1577 4405 1655 4481 quia
1682 4408 1762 4468 tuuc

117 4511 192 4573 pore
204 4499 413 4561 aeternaliter
428 4499 653 4576 percipienda.
676 4500 773 4561 Modo
787 4516 910 4577 expec-
965 4500 1119 4576 putamus
1133 4500 1267 4561 vineam
1285 4501 1393 4561 cordis
1409 4501 1526 4573 nostri,
1543 4502 1674 4579 quando
1696 4520 1762 4565 va-

116 4593 224 4658 tamus
264 4596 394 4673 tempus
431 4597 667 4659 ecclesiasticae
704 4596 907 4670 afflictionis,
966 4612 1027 4656 nas
1043 4598 1075 4658 et
1089 4597 1225 4658 nocivas
1240 4598 1456 4673 cogitationes
1477 4600 1509 4661 et
1530 4600 1640 4660 minus
1662 4600 1761 4663 utiles

119 4694 456 4770 quadragesimalium
472 4695 675 4772 jejuniorum
688 4739 696 4765 ,
708 4694 909 4770 vigiliarum,
965 4710 1155 4756 resecamus
1170 4711 1189 4755 a
1205 4694 1360 4756 cordibus
1386 4697 1508 4758 nostris
1526 4713 1586 4775 per
1600 4698 1763 4762 sobrieta-

118 4788 417 4868 eleemosynarum,
426 4794 460 4853 et
474 4793 712 4864 orationum,et
724 4793 911 4855 constitutae
966 4796 1032 4855 tem
1043 4792 1192 4854 ciborum
1203 4794 1235 4855 et
1245 4792 1479 4855 abstinentiam
1489 4797 1657 4858 vitiorum.
1669 4798 1763 4860 Unde

120 4883 338 4961 abstinentiae,
373 4889 459 4950 sicut
495 4889 575 4950 dicit
602 4890 794 4965 Apostolus:
823 4894 912 4951 Ecce
966 4891 1390 4967 DominusinEvangelia:
1407 4894 1581 4957 Attcrzdtte
1600 4900 1763 4959 necorde

120 4996 206 5047 abac
232 4987 367 5061 tempas
384 4987 597 5059 acceptabile,
622 5002 696 5048 cccc
723 5003 814 5049 atarto
838 4991 912 5049 ates
965 4990 1085 5050 cestra
1101 4990 1296 5065 praecatur
1314 4993 1351 5051 tn
1371 4997 1532 5066 crapulas
1545 4993 1580 5053 ct
1594 4994 1761 5055 ebrietate

121 5085 237 5145 sautia
256 5081 286 5162 (1
320 5085 394 5144 Car.
421 5082 538 5161 v1,2).
564 5086 729 5158 Rogemus
752 5101 831 5160 erga
846 5101 910 5161 pa·
966 5088 998 5148 et
1014 5091 1051 5147 ta
1077 5091 1172 5149 carte
1199 5090 1302 5159 traaas
1327 5093 1443 5150 saeculi
1468 5088 1561 5168 (Luc.
1591 5105 1664 5161 xxr,
1691 5089 1758 5168 34).

122 5176 347 5243 tremiamilias
360 5181 535 5242 Dominum
549 5182 698 5243 nostrum
714 5182 750 5243 ut
765 5184 863 5244 exeat
874 5183 911 5244 in
966 5188 1074 5256 Quare
1099 5183 1240 5246 dixisset
1254 5185 1316 5245 hoc
1329 5186 1467 5246 verbum
1483 5187 1549 5247 nisi
1565 5186 1687 5247 diffusa
1700 5202 1761 5248 co-

123 5269 181 5335 loc
197 5279 303 5355 primo
316 5294 413 5339 mane
429 5280 461 5339 et
476 5279 638 5341 conducat
656 5295 716 5339 nos
739 5281 910 5356 operarios
966 5282 1082 5343 mestio
1096 5282 1183 5343 esset
1198 5298 1300 5358 grave
1310 5285 1499 5358 peccatum?
1515 5283 1549 5343 Si
1565 5284 1653 5343 enim
1669 5299 1764 5343 men·

123 5367 156 5430 in
165 5375 296 5447 pineam
312 5391 417 5436 suam.
965 5396 1044 5441 sura
1056 5380 1091 5440 in
1104 5379 1176 5440 cibo
1188 5382 1221 5441 et
1231 5382 1309 5456 potu
1323 5396 1388 5440 non
1400 5381 1562 5451 teneatur,
1578 5379 1643 5440 cito
1657 5380 1763 5443 uirtus

160 5471 306 5551 Quinque
321 5474 431 5534 autem
448 5473 525 5534 sunt
539 5473 688 5545 culturae,
705 5473 824 5550 quibus
839 5491 911 5534 ma·
965 5478 1128 5539 castitatis
1143 5478 1312 5555 polluitur.
1331 5478 1425 5538 Unde
1435 5476 1613 5551 Gregorius
1627 5498 1634 5536 :
1648 5492 1667 5537 a
1682 5479 1763 5542 Cum

123 5563 244 5630 terialis
256 5571 355 5631 vinea
370 5570 501 5632 colitur.
518 5571 603 5631 Nam
619 5570 726 5648 prima
741 5572 910 5633 excalcea-
965 5592 1085 5654 corpus
1098 5576 1134 5636 in
1146 5575 1336 5636 relectionis
1348 5574 1762 5650 delectationeresolvitur,

125 5658 184 5737 tur,
209 5667 351 5730 secundo
370 5668 515 5745 putatur,
540 5667 638 5729 tertia
655 5669 907 5745 propaginntur,
965 5674 1096 5734 animus
1109 5673 1173 5734 cito
1187 5672 1228 5733 ad
1243 5670 1411 5732 luxuriam
1427 5670 1643 5733 relaxatur.»
1674 5708 1678 5719 ·
