3996 6196
147 298 185 356 ⁷⁷
784 312 893 373 6666
915 308 1128 373 Romanus.
1717 311 1758 371 rs

145 469 281 535 micerio
303 472 505 550 postmodum
534 470 608 539 o'um
633 477 745 541 661616
770 481 810 540 22
833 476 920 547 166.,
974 475 1115 550 affuerit,
1128 477 1404 555 eleemosynarius
1425 478 1480 543 dat
1499 478 1548 542 616
1562 478 1755 543 166166666-

145 565 265 627 661616
277 582 355 629 vero
367 571 512 631 crucium
529 572 798 645 666166.,61666
817 571 923 646 acoly-
973 586 1055 646 syna
1066 572 1210 633 666166.
1227 573 1496 650 Quotiescumque
1505 574 1656 636 dominus
1665 579 1754 652 Papa

146 659 209 723 ‘bis
232 661 272 721 10
297 661 371 723 166.
397 664 446 724 Ad
470 664 533 726 166
554 666 704 727 dominus
720 669 809 742 Papa
825 664 923 724 babet
973 664 1092 737 cantat,
1115 666 1147 727 et
1167 682 1370 744 quocumque
1392 667 1464 728 loco
1489 669 1606 740 cantet,
1626 670 1753 746 quando

149 754 255 814 10661.
271 752 385 817 eadem
399 759 463 831 die,
478 759 561 820 etde
575 759 687 820 eodem
704 757 787 820 loco.
807 758 921 819 Eine·
973 772 1038 818 666
1062 759 1113 819 661
1134 759 1241 831 statio,
1269 761 1364 821 16161
1395 762 1519 823 eisdem
1544 764 1753 825 marescalcis

146 846 277 909 tandum
298 851 382 926 quod
407 852 441 912 16
461 853 550 913 omni
568 853 707 913 statione
728 852 813 928 apud
825 866 923 911 6666-
972 850 1248 927 eleemosynarius
1273 854 1479 932 eleemosyna
1508 856 1587 918 dare
1613 859 1650 918 12
1678 857 1751 920 den.

146 943 208 1001 tum
222 944 357 1005 Petrum
368 944 466 1007 habet
478 945 627 1007 dominus
641 949 729 1022 Papa
743 948 782 1006 40
802 945 861 1005 661.
881 945 922 1004 16
972 946 1191 1019 marescalcis
1223 947 1308 1010 sicut
1346 948 1468 1011 dictum
1501 951 1551 1012 est
1590 952 1751 1028 superius.

146 1035 248 1107 altari,
269 1038 400 1114 quando
423 1039 564 1101 celebrat
579 1039 722 1100 missam.
736 1039 841 1100 Etiam
853 1052 922 1098 car-
972 1038 1074 1100 Datur
1095 1040 1212 1101 melior
1235 1042 1365 1103 moneta
1399 1043 1597 1119 primicerio,
1635 1045 1753 1109 deinde

149 1129 279 1202 linalos,
289 1131 492 1206 subdiaconi,
504 1133 709 1209 primicerius
722 1147 795 1193 cum
808 1131 921 1194 ecbola
972 1131 1012 1191 16
1042 1133 1173 1194 residuo
1203 1134 1299 1196 datur
1327 1136 1420 1198 sexta
1451 1152 1528 1214 pars
1564 1138 1751 1214 primicerio

142 1225 324 1296 cantorum,
346 1225 457 1287 schola
479 1227 585 1288 crucis
603 1228 637 1288 et
649 1225 792 1302 acolythi
808 1225 922 1301 66616-
971 1226 1004 1286 61
1027 1225 1147 1288 661616
1176 1229 1367 1290 cantorum:
1391 1231 1527 1308 6611666
1546 1246 1625 1291 6666
1648 1230 1751 1308 partis

142 1319 190 1378 tos
217 1317 344 1379 10661.
370 1319 563 1381 6161161666
589 1320 739 1381 inomni
768 1319 917 1390 statione,
971 1319 1127 1381 medietas
1159 1320 1255 1383 datur
1286 1322 1506 1385 cardinalibus
1538 1324 1685 1385 diaconis
1719 1337 1753 1399 61

142 1410 269 1471 etiamsi
281 1411 433 1472 dominus
447 1416 535 1489 Papa
549 1412 743 1484 interfuerit,
757 1412 790 1474 et
801 1411 919 1487 aliquis
971 1411 1189 1484 subdiaconis,
1221 1415 1288 1476 alia
1326 1431 1405 1478 6666
1442 1418 1600 1480 medietas
1640 1418 1753 1494 66661-

142 1505 319 1566 cardinalis
339 1505 562 1581 celebraverit,
583 1506 630 1566 ibi
644 1506 683 1566 de
699 1506 812 1566 eodem
823 1505 920 1566 altari
970 1505 1056 1566 16616
1084 1507 1296 1570 solummodo.
1331 1511 1432 1572 Missa
1470 1527 1549 1573 6666
1587 1512 1627 1573 16
1661 1527 1752 1573 more

140 1597 257 1660 161661
271 1598 406 1659 161666.
427 1601 462 1660 81
473 1615 552 1660 6666
565 1599 714 1660 1661666
726 1603 815 1676 Ρ666
826 1599 919 1659 66166
970 1600 1110 1671 6661616,
1130 1601 1280 1662 dominus
1300 1606 1390 1679 Papa
1408 1606 1584 1667 revertitur
1597 1606 1638 1666 ad
1658 1607 1751 1682 pala-

142 1692 255 1753 urbem
274 1692 383 1764 fuerit,
406 1694 439 1754 et
457 1694 601 1755 vicarius
619 1692 671 1754 661
685 1692 920 1769 aliquiscardi·
969 1692 1066 1766 tium3
1086 1694 1114 1753 si
1136 1709 1215 1754 vero
1240 1697 1440 1756 camerarius
1463 1698 1614 1769 voluerit,
1644 1698 1751 1759 distri-

143 1785 227 1846 ualis
245 1802 304 1846 seu
328 1786 448 1863 aliquis
478 1788 653 1848 extraneus
683 1787 854 1863 episcopus
878 1786 918 1846 16
969 1785 1046 1847 1661
1058 1786 1173 1861 viginti
1187 1787 1329 1864 quinque
1347 1789 1448 1849 libras
1462 1790 1497 1849 iu
1511 1790 1749 1865 presbyterium

142 1880 292 1942 mandato
321 1880 444 1942 domini
464 1884 562 1957 Papae
590 1880 782 1952 interfuerit,
808 1880 918 1957 ibique
969 1880 1199 1955 supradictum.
1218 1880 1276 1941 816
1294 1883 1412 1953 autem,
1430 1883 1533 1959 priori
1551 1883 1698 1944 16611166
1717 1886 1750 1947 61

140 1973 250 2034 116166
262 1975 490 2049 celebraverit3
509 1975 658 2036 similiter
673 1974 842 2036 16166116
855 1990 916 2035 eo·
968 1972 1147 2034 rectoribus
1170 1973 1260 2035 urbis
1283 1975 1540 2037 distribuendum
1559 1977 1746 2049 committet,

140 2065 422 2130 166166610661.
441 2069 523 2141 1661,
539 2072 571 2130 61
590 2068 646 2129 ille
657 2069 713 2144 qui
732 2070 820 2140 tunc,
834 2068 918 2129 sicut
968 2066 1102 2143 illisqui
1113 2066 1329 2129 interfuerant
1341 2069 1382 2129 ad
1396 2068 1749 2147 scribendumaiuunn·

139 2159 219 2231 1161,
241 2161 448 2223 demandato
471 2162 592 2224 domini
612 2166 709 2239 Papae
732 2160 919 2223 celebrave—
967 2160 1022 2223 116.

138 2253 191 2324 611,
215 2256 256 2315 10
276 2255 335 2316 661.
357 2256 474 2332 recipit
493 2256 532 2317 de
549 2257 620 2331 ipso
636 2256 745 2327 altari,
767 2254 920 2331 666616-
1008 2256 1123 2316 61116
1143 2255 1206 2316 1616
1227 2254 1428 2333 presbyterio
1448 2255 1567 2317 dantur
1586 2254 1748 2332 inprimis

138 2347 247 2408 miuus
260 2351 351 2426 Papa
362 2350 530 2426 reciperet,
549 2350 578 2409 si
588 2350 666 2410 tunc
681 2347 862 2410 celebraret
873 2346 920 2406 di·
971 2347 1090 2407 Sancto
1109 2349 1206 2409 Petro
1223 2351 1263 2409 20
1276 2350 1348 2421 661,
1369 2349 1747 2415 86661616166611616-

137 2439 226 2501 6166.
255 2443 408 2504 Ρ6611611
434 2458 513 2503 6666
545 2441 667 2502 10661.
698 2442 755 2517 661
781 2440 919 2501 mitratis
971 2440 1385 2514 66666616661,866616
1408 2443 1537 2519 Virgini
1549 2443 1662 2504 Mariae
1674 2443 1746 2502 Ma-

136 2533 272 2604 dantur,
291 2536 420 2595 etiamsi
440 2535 590 2596 dominus
612 2538 701 2611 Papa
714 2534 813 2595 166611
827 2534 919 2595 66166
965 2533 1147 2610 16615661,
1174 2537 1287 2598 666616
1313 2538 1489 2600 Laurentio
1515 2536 1596 2598 16616
1619 2549 1748 2595 murum

135 2628 269 2699 urbem,
284 2627 324 2688 de
336 2628 448 2688 eodem
460 2627 532 2690 1666
551 2629 642 2705 16616,
658 2628 687 2688 61
700 2627 915 2697 interfuerint,
968 2628 989 2687 5
1005 2626 1077 2698 661,
1102 2628 1277 2705 unicuique
1302 2631 1519 2691 cardinalium
1537 2632 1558 2691 3
1583 2629 1655 2699 661,
1681 2626 1749 2687 11116

133 2720 348 2781 exhibentur.
364 2721 398 2781 si
412 2721 520 2781 autem
538 2721 573 2780 16
591 2720 670 2781 6616
685 2720 795 2789 166611,
808 2720 917 2782 61666
967 2721 1112 2797 66666116
1127 2722 1182 2798 661
1203 2723 1553 2801 1661666666666616166
1574 2724 1749 2800 16666666-

136 2814 376 2891 666666661116
395 2814 601 2890 processione
618 2828 677 2874 666
687 2813 915 2885 celebratione,
968 2814 1060 2875 sione
1073 2816 1199 2891 parant,
1217 2817 1273 2893 661
1291 2819 1423 2895 6666166
1440 2818 1502 2879 166
1523 2821 1561 2879 16
1582 2818 1656 2878 166.
1677 2831 1750 2876 am·

138 2907 353 2969 nibilominus
386 2906 516 2967 babent.
544 2907 662 2968 Clerici
691 2908 803 2969 tamen
826 2907 916 2968 urbis
967 2908 1054 2984 plius
1065 2908 1195 2971 babent.
1217 2910 1399 2988 Unicuique
1414 2910 1745 2979 diaconorumasol„

138 3017 267 3079 semper
280 3001 401 3062 161661
419 3000 621 3076 supradictas
640 3002 681 3061 25
697 3001 917 3074 111.,616616-
967 3002 1102 3079 6666616
1125 3005 1244 3066 866616
1263 3005 1478 3077 1166166666,
1493 3019 1637 3081 666666
1660 3004 1745 3065 lecto

139 3097 246 3156 minus
258 3094 552 3171 Ρ666611166616,
567 3096 636 3156 6166
648 3097 756 3169 extra3
772 3111 917 3156 666666-
967 3096 1054 3157 ultra
1086 3099 1125 3157 12
1150 3098 1223 3159 den.
1249 3098 1357 3170 babet,
1385 3099 1418 3161 61
1444 3099 1580 3174 6666616
1607 3097 1744 3157 66616616

139 3190 265 3261 1666611,
288 3190 346 3250 661
366 3204 433 3250 666
453 3210 460 3250 :
482 3204 555 3267 666
566 3188 803 3251 distribuuntur
823 3189 859 3252 ut
869 3189 918 3250 iu·
969 3190 1080 3252 Sancti
1099 3191 1270 3263 Theodori,
1292 3207 1435 3269 666666
1454 3193 1570 3252 lancea
1584 3189 1746 3251 1616116-

141 3283 237 3346 166166
256 3283 492 3346 describentur.
967 3284 1045 3345 bere
1055 3286 1095 3344 22
1105 3300 1232 3361 proves.
1253 3286 1345 3346 Ultra
1359 3285 1535 3358 unicuique
1548 3280 1745 3342 monasterio

176 3381 223 3440 66.
243 3381 315 3439 Hoc
335 3378 494 3455 siquidem
510 3380 560 3441 est
579 3379 767 3442 nullatenus
787 3380 918 3456 praeter·
968 3377 1062 3438 66166
1081 3377 1227 3437 urbem3
1249 3376 1398 3437 66116116
1417 3377 1526 3436 autem
1540 3371 1747 3433 monasteriis

141 3472 344 3544 mittendum,
364 3473 449 3550 quod
468 3474 497 3533 si
519 3474 602 3534 torte
616 3489 659 3533 66
670 3490 733 3551 666
745 3473 852 3535 166166
863 3488 918 3532 ex·
968 3471 1003 3530 in
1017 3469 1326 3531 66161661663661.
1342 3468 1540 3530 monasterio
1556 3466 1667 3527 Sancti
1681 3465 1747 3524 66-

142 3567 266 3641 ponitur
289 3582 311 3627 a
335 3567 513 3644 capellanis
538 3583 637 3644 super
655 3568 770 3637 altare,
794 3567 917 3642 aliquid
970 3565 1060 3637 sarii,
1075 3564 1272 3625 monasterio
1285 3564 1411 3625 866616
1427 3563 1574 3638 agatha,
1590 3560 1749 3622 monaste

141 3659 279 3722 oblatum
291 3660 390 3723 fuerit
402 3665 510 3738 Papae,
521 3661 666 3737 ipsorum
677 3661 918 3737 capellanorum
969 3660 1019 3720 rio
1043 3658 1269 3735 Panispernae,
1294 3659 1493 3720 monasterio
1521 3658 1561 3719 de
1586 3655 1747 3725 Pallaria,

141 3756 197 3827 est,
212 3757 303 3818 nullo
315 3757 380 3817 alio
393 3766 466 3818 cum
477 3756 558 3833 ipsis
569 3756 784 3832 participante
802 3776 810 3816 ε
828 3756 917 3817 etita
968 3754 1164 3815 monasterio
1205 3755 1315 3816 Sancti
1355 3755 1480 3815 Cosmae
1518 3750 1750 3828 transtyberim

142 3849 241 3922 durat,
265 3851 370 3911 donec
388 3851 429 3911 ad
440 3851 543 3912 altare
557 3866 616 3927 666
636 3851 737 3911 missa
757 3849 917 3912 cantanda
968 3849 1165 3910 monasterio
1177 3849 1288 3911 Sancti
1302 3848 1452 3911 811666161
1472 3849 1515 3909 im
1529 3847 1657 3924 Capite,
1684 3861 1750 3905 mo-

142 3942 287 4004 dominus
307 3947 396 4021 Papa
412 3944 557 4006 accedat.
586 3944 747 4020 Quidquid
765 3959 844 4006 6666
864 3944 918 4005 do·
968 3943 1111 4006 66616616
1141 3943 1176 4003 16
1197 3943 1371 4019 Capitolio,
1405 3943 1605 4005 monasterio
1638 3940 1749 4001 Sancti

142 4037 243 4098 minus
254 4042 357 4113 Papa,
372 4040 541 4115 postquam
557 4039 732 4100 accesserit
745 4038 786 4098 ad
798 4038 914 4110 altare,
967 4035 1750 4109 1166116666661661686661186166,66666616616

142 4127 237 4193 donec
254 4132 343 4192 idem
363 4132 627 4209 pronunciaverit
644 4132 697 4193 116
721 4135 829 4192 missa
852 4132 913 4203 cat,
968 4131 1185 4200 cliviscauri,
1200 4132 1398 4194 monasterio
1413 4130 1526 4193 Sancti
1540 4129 1666 4199 Basilii,
1685 4143 1751 4189 mo

143 4238 235 4300 super
252 4226 359 4287 altare
379 4225 522 4288 oblatum
539 4226 647 4297 fuerit,
668 4226 716 4286 616
739 4225 914 4286 116116166.
969 4224 1111 4286 66616616
1135 4224 1261 4286 866616
1287 4225 1411 4296 (166616,
1429 4224 1556 4285 866616
1578 4222 1691 4285 Mariae
1717 4222 1752 4281 in

145 4319 178 4376 ln
187 4320 301 4394 primis
323 4318 442 4381 dautur
460 4321 662 4381 marescallis
674 4322 712 4380 12
725 4319 799 4379 166.
812 4322 852 4380 Et
862 4336 917 4380 no·
968 4318 1177 4379 Monasterio.
1197 4319 1272 4379 Istis
1286 4334 1364 4380 vero
1376 4318 1584 4379 monasteriis
1598 4318 1631 4378 61
1641 4317 1751 4376 66616-

147 4413 269 4474 tandum
282 4414 367 4490 quod
381 4414 416 4474 16
428 4414 516 4475 omni
527 4414 676 4485 statione,
693 4415 728 4474 in
742 4429 805 4490 qua
818 4413 917 4474 domi·
968 4413 1028 4474 siis
1049 4414 1070 4472 2
1091 4412 1164 4482 solt,
1188 4412 1386 4474 monasterio
1409 4413 1526 4481 16116,
1554 4410 1752 4471 monasterio

145 4518 204 4565 666
219 4510 307 4584 Papa
329 4508 471 4571 celebrat
491 4508 612 4580 divina,
637 4508 677 4568 de
700 4506 917 4569 oblationibus
970 4505 1266 4575 SanctaeBibianae,
1285 4505 1484 4565 monasterio
1500 4502 1750 4577 campiniacus,

145 4597 251 4661 altaris
274 4603 360 4678 apud
384 4603 531 4665 sanctum
556 4602 689 4663 Petrum
717 4600 916 4663 tantumdem
968 4598 1317 4661 monasteriodominae
1332 4600 1438 4668 11666,
1452 4596 1753 4660 monasteriolam·

145 4691 253 4757 debent
275 4696 407 4758 babere.
427 4700 464 4757 In
488 4696 637 4757 omnibus
656 4695 755 4757 etiam
767 4695 842 4755 aliis
855 4696 918 4757 sta·
969 4693 1046 4771 poli,
1062 4693 1259 4757 monasterio
1274 4692 1385 4753 Sancti
1398 4691 1558 4752 16166616
1571 4693 1752 4769 6661616-

145 4786 279 4851 tionibus
290 4792 430 4852 aliarum
441 4791 665 4861 ecclesiarum,
693 4790 748 4851 ubi
768 4790 917 4851 domiuus
968 4790 1057 4862 1166,
1078 4787 1275 4852 monasterio
1293 4787 1457 4859 Maximae,
1479 4788 1677 4851 monasterio
1692 4788 1751 4848 Bi-

146 4881 227 4958 Papa
253 4885 397 4946 celebrat
418 4884 539 4957 divina,
564 4885 604 4946 de
631 4884 849 4947 oblationibus
874 4885 919 4945 al·
969 4884 1133 4957 16661166,
1146 4883 1344 4946 monasterio
1360 4883 1470 4947 Sancti
1478 4884 1612 4944 ‘rhomae
1624 4884 1664 4945 de
1677 4886 1753 4945 For-

146 4975 229 5051 taris,
247 4979 466 5056 6166611661,
487 4979 560 5055 post
577 4979 781 5054 evangelium
795 4980 918 5041 domini
970 4978 1425 5051 mis,monasteri0Mirandaa,
1437 4980 1750 5041 monasterioSunc-

145 5067 245 5147 Papae,
259 5074 422 5150 praedictis
431 5073 633 5135 marescallis
647 5073 765 5134 dantur
777 5075 916 5135 666166.
968 5073 1198 5145 16Τ616116116,
1210 5072 1408 5133 monasterio
1418 5072 1528 5135 Sancti
1540 5073 1700 5135 16166616
1713 5073 1753 5134 de

146 5163 269 5236 Quodsi
283 5168 366 5230 forte
378 5168 551 5243 contigerit
566 5167 763 5229 oblationem
775 5169 919 5246 aliquam
970 5169 1092 5240 Insula,
1108 5167 1305 5228 monasterio
1319 5168 1429 5229 Sancti
1441 5167 1571 5238 Leonis,
1587 5169 1754 5228 monaste-

145 5270 296 5336 6666666,
311 5262 376 5324 6161
393 5263 483 5323 illam
506 5262 686 5339 66616161
704 5278 776 5323 6666
788 5279 920 5341 mappu·
970 5264 1021 5325 rio
1034 5262 1139 5324 sancti
1151 5261 1284 5323 (1666611
1296 5262 1540 5332 Menaenorum,
1554 5261 1752 5321 monasterio

145 5349 304 5430 lariorum,
329 5357 515 5418 marescalli
537 5357 600 5433 ipsi
624 5357 664 5417 16
687 5357 801 5418 eadem
827 5359 919 5422 obla·
971 5358 1076 5421 sancti
1089 5356 1228 5434 cyriaci.
1241 5356 1316 5417 Istis
1331 5356 1478 5417 ecclesiis
1491 5356 1528 5414 18
1540 5354 1613 5413 den.
1624 5355 1751 5416 Sanctae

147 5447 228 5513 tione
244 5467 302 5514 aex
314 5452 389 5526 deu,
411 5451 691 5518 161661816666
710 5451 832 5518 oblatio
853 5470 920 5520 666
971 5454 1086 5519 1116616
1104 5452 1145 5516 16
1156 5450 1342 5517 11661166116
1355 5450 1466 5512 866611
1477 5448 1608 5508 Tbomae
1620 5446 1660 5509 de
1675 5451 1752 5514 Fra·
1838 5444 1840 5447 ’
