3980 6198
613 312 770 384 QUINTA
792 312 1057 376 GOMPILATIO.
1081 317 1158 386 uls.
1184 312 1214 375 II

102 326 156 387 alr
1674 314 1735 377 218

100 480 302 549 indulsimus,
319 477 355 538 ut
369 474 432 536 sibi
447 472 498 553 (a)
512 473 625 549 lapsus
641 474 798 549 temporis
820 489 886 535 non
942 478 986 549 te,
1004 493 1104 554 super
1115 474 1311 554 quibusdam
1324 472 1460 535 decimis
1472 456 1539 534 non
1552 491 1594 536 ex
1604 475 1739 552 delega-

101 577 276 648 obsisteret,
307 573 483 651 quominus
509 571 751 649 possessionem
779 572 887 647 ipsam
941 575 1033 637 tione
1049 574 1123 635 Sed.
1136 572 1249 649 Apost.
1266 572 1485 644 convenisset,
1501 572 1568 650 ipsi
1583 573 1641 635 lite
1656 589 1740 650 pen-

99 688 289 753 recuperare
310 670 446 733 valeret.
471 669 634 740 Quoniam
658 683 736 729 vero
759 668 885 730 tantum
941 672 1038 733 deute
1060 687 1160 747 super
1179 670 1304 732 eisdem
1327 669 1463 731 decimis
1488 671 1663 747 quamdam
1684 672 1739 732 in-

101 772 248 850 temporis
275 770 351 831 ante
377 766 623 830 concessionem
645 765 750 842 ipsius
775 765 888 827 indul·
942 768 1144 845 dulgentiam
1161 768 1381 844 impetrarunt
1394 783 1414 828 a
1427 766 1533 840 nobis,
1548 767 1684 841 nullam,
1701 769 1738 831 ut

100 870 210 948 gentiae
226 866 349 928 dicitur
362 864 544 936 effluxisse,
562 861 648 940 quod
661 862 722 924 tibi
734 860 887 923 sulficere
942 867 1072 939 dicitur,
1089 865 1264 926 facientem
1288 864 1328 926 de
1343 865 1432 927 mota
1455 881 1555 943 super
1574 866 1636 928 hoc
1652 883 1736 929 con-

101 966 194 1046 possit
208 963 249 1026 ad
264 979 353 1026 verae
368 962 587 1041 possessionis
599 959 752 1022 effectum
766 976 889 1021 secun·
941 963 1104 1026 troversia
1118 962 1335 1025 mentionem:
1350 964 1437 1025 uude
1452 964 1559 1025 dictus
1572 967 1603 1027 J.
1622 964 1737 1026 humi-

101 1066 169 1127 dum
192 1063 316 1125 statuta
331 1060 470 1122 Concilii
491 1059 669 1136 generalis,
694 1057 727 1120 et
750 1058 780 1119 si
804 1058 887 1120 torte
941 1062 1019 1124 liter
1038 1061 1246 1140 supplicavit,
1263 1061 1300 1122 ut
1323 1077 1423 1139 quum
1444 1062 1547 1123 robur
1570 1062 1737 1125 firmitatis

101 1165 218 1238 tempus
240 1160 351 1237 ipsum
373 1159 502 1220 tanturn
522 1156 599 1218 ante
623 1155 815 1233 praedictam
834 1157 890 1215 in·
942 1160 1064 1222 babere
1080 1176 1145 1221 uon
1160 1159 1287 1232 debeat,
1307 1160 1393 1236 quod
1417 1176 1438 1221 a
1462 1159 1556 1222 nobis
1582 1177 1682 1238 super
1701 1177 1738 1222 re

101 1258 295 1334 dulgentiam
323 1270 389 1316 ¹101]
420 1254 600 1326 effluxerit,
625 1252 771 1326 ridetur,
802 1252 888 1330 duod
942 1259 1087 1335 litigiosa
1099 1258 1211 1320 taliter
1225 1258 1275 1319 est
1289 1257 1468 1330 obtentum,
1482 1273 1617 1318 causam
1631 1257 1739 1319 decidi

102 1356 205 1419 eadem
228 1354 274 1415 ud
301 1368 415 1416 voram
440 1350 684 1430 possessiouem
711 1351 801 1412 riom
828 1349 888 1412 tibi
944 1357 1030 1418 sicut
1036 1355 1167 1434 justitia
1182 1354 1287 1432 exigit
1301 1354 1545 1417 mandaremus.
1560 1356 1644 1428 Quia
1658 1371 1738 1417 vero

101 1450 283 1532 procudat,
302 1466 402 1527 quum
423 1447 618 1525 Simpliciter
632 1445 841 1509 ooufiuoatur
853 1446 890 1507 iu
944 1454 1066 1516 nostrae
1078 1454 1239 1515 incumbit
1252 1453 1467 1515 sollicitudini
1482 1453 1595 1514 litibus
1611 1454 1644 1515 et
1659 1469 1741 1515 con-

101 1552 175 1628 lcto,
191 1547 277 1658 quod
294 1547 334 1608 do
350 1548 460 1609 orioro
473 1546 538 1623 ipsi
557 1544 765 1623 procuratori
777 1544 889 1622 lapsus
943 1552 1145 1616 tentionibus
1160 1552 1260 1613 tinem
1272 1552 1452 1629 imponere,
1470 1567 1509 1612 ac
1522 1551 1739 1614 ecclesiarum

101 1648 248 1758 temporis
278 1661 346 1706 uou
379 1643 518 1705 obsistat
551 1641 726 1720 quominus
759 1657 891 1719 posses·
941 1652 1162 1727 juraintegra
1176 1648 1479 1729 conservaredisc.
1492 1649 1566 1711 tm.
1580 1649 1742 1726 quatenus

102 1760 218 1806 sionem
230 1756 432 1821 recuperare
446 1741 557 1802 valeat
574 1738 801 1829 memoratam.
822 1741 891 1799 Nos
945 1747 974 1808 si
996 1738 1350 1824 estita,'in<1u1gentja
1375 1744 1565 1822 enjusmodt
1590 1761 1656 1806 110„
1676 1745 1740 1805 οι).

102 1857 230 1920 quorum
245 1840 311 1902 luit
323 1840 463 1902 intentio
475 1838 546 1917 Juri
560 1834 639 1900 dic'ti
652 1835 888 1916 procuratoris
945 1845 1063 1917 stante,
1078 1844 1210 1920 negotio
1222 1844 1321 1903 finem
1332 1835 1477 1904 debitum
1492 1842 1621 1904 sublato
1635 1843 1743 1919 impe-

101 1939 200 2016 stipsi
213 1938 373 2000 Ecclesiae
386 1938 457 1998 sine
470 1938 527 1998 tua
540 1937 573 1998 et
584 1935 741 1998 Ecclesiae
755 1937 822 1998 tuae
832 1934 892 1996 ΙΙΙ·
946 1943 1091 2005 dimonte
1106 1940 1350 2020 appellationis,
1360 1940 1517 2017 ,imponas
1528 1938 1587 2019 (1)

98 2037 177 2114 juria
189 2035 379 2109 subvenire,
394 2034 591 2097 auctoritate
602 2032 817 2112 praesentium
832 2032 892 2093 de-

101 2133 268 2207 claramus,
288 2133 374 2211 quod
390 2132 511 2194 nostrae
528 2131 722 2219 intentionis
742 2146 809 2192 uon
830 2128 893 2190 fuit
1185 2096 1409 2214 ‘TITUfflS
1436 2125 1492 2210 IX

100 2246 150 2307 per
162 2232 271 2309 ipsam
282 2230 522 2307 indulgentiam
532 2231 588 2307 jus
601 2228 780 2307 perimere,
806 2225 893 2303 quod
910 2275 912 2279 .

99 2327 151 2389 tibi
172 2327 379 2406 competebat
402 2343 445 2389 ex
474 2326 683 2405 possessione
711 2324 891 2402 praeterita,
967 2290 1011 2341 UT
1032 2294 1110 2340 ME
1130 2293 1309 2341 PENDENTE
1332 2292 1427 2338 NIHIL
1453 2289 1647 2338 ¹NN⁰VETUR
1669 2276 1722 2351 (2)·

99 2425 144 2486 vel
165 2426 240 2502 post
263 2426 407 2487 reditum
426 2425 520 2486 tuum
544 2421 760 2499 competierat
778 2436 821 2482 ex
836 2419 893 2480 su·
949 2415 1158 2475 caaooaarto
1170 2408 1227 2489 (c),
1245 2411 1398 2481 Carttort‘,
1415 2409 1450 2471 et
1462 2411 1503 2470 A.
1518 2409 1606 2470 dicto
1625 2411 1744 2468 Mars·

99 2522 163 2583 tura
192 2544 199 2582 :
234 2522 301 2582 sibi
336 2522 425 2583 enim
462 2520 627 2597 imputare
664 2516 786 2596 poterit
817 2533 894 2595 pars
988 2516 1071 2572 callo
1084 2514 1246 2571 cartortioo
1260 2510 1469 2570 aurearoma

100 2619 244 2692 adversa,
276 2617 305 2680 si
333 2617 505 2695 negligens
526 2616 589 2679 fuit
616 2616 651 2677 in
678 2631 738 2677 sua
762 2615 893 2692 J‘ustitia

100 2715 333 2793 prosequenda,
358 2732 458 2792 quum
486 2712 643 2776 absentiae
667 2713 732 2775 tuae
752 2710 894 2789 impedi-

101 2814 200 2875 mento
230 2812 398 2883 cessante,
428 2813 461 2872 te
489 2808 706 2872 conveniendi
738 2807 893 2870 habuerit

101 2908 294 2971 facultatem.

136 3064 385 3123 archidiacono
398 3063 440 3121 Β.
450 3061 668 3122 salisberiae.
682 3061 846 3121 attacoris.

394 3211 530 3273 CAPUT
551 3211 592 3271 11.

139 3342 342 3420 Significavit
363 3341 457 3404 nobis
485 3345 515 3405 J.
540 3342 650 3404 rector
671 3340 828 3404 Ecclesiae
852 3341 893 3402 de

105 3441 228 3502 witam.
245 3438 333 3518 quod
348 3457 449 3518 quum
468 3438 516 3520 (b)
528 3440 679 3502 abbatem
695 3440 728 3501 et
742 3454 891 3500 conven-

106 3536 166 3598 tum
188 3537 357 3600 Abendon,
373 3537 587 3599 Salisberien
606 3537 759 3598 dioecesis
781 3551 893 3598 coram

108 3699 193 3745 causa.
209 3688 268 3771 llla·
279 3688 395 3762 proprio
413 3674 693 3758 dicitur‘advocatie,
710 3684 848 3755 defensio,
866 3692 895 3744 et

109 3757 228 3841 custodes
242 3758 376 3841 dicuntur
389 3759 520 3816 advocati
532 3766 560 3815 et
572 3756 748 3827 defensores,
762 3765 831 3814 utet
842 3772 895 3815 uos

110 3841 183 3898 supra
198 3828 332 3897 diximus,
346 3837 375 3886 et
390 3831 473 3902 plene
486 3831 520 3888 V.
531 3831 561 3887 C.
578 3831 736 3900 Bosqumus
751 3827 787 3885 ad
806 3830 891 3885 luno·

110 3905 174 3953 cent.
186 3899 234 3956 ΙΙΙ.
249 3901 296 3957 Ex
316 3899 372 3956 bac
393 3900 520 3957 custodia
541 3900 682 3955 duxerunt
702 3898 891 3967 commende,

111 3975 196 4023 contra
210 3967 362 4055 decretum·
375 3971 487 4028 concilii
503 3969 752 4038 Chalcedonensis,
766 3984 831 4027 cau.
849 3971 892 4027 lo.

111 4037 160 4118 loo
174 4039 210 4097 IV
220 4038 340 4123 >diverso
352 4056 415 4113 Jure
430 4040 501 4097 duas
512 4041 649 4098 ecclesias
663 4040 769 4096 habere
783 4042 896 4112 permit·

111 4114 148 4176 tn,
160 4122 241 4166 unam
257 4112 412 4180 titulatam,
432 4112 549 4169 alteram
572 4110 813 4179 commendatam,
828 4125 893 4167 can.

112 4176 135 4245 l,
152 4177 193 4260 tl,
208 4195 235 4251 q.
257 4184 286 4249 Ι,
302 4189 330 4237 et
345 4184 494 4264 innocent.
515 4184 566 4249 ΙΙΙ,
589 4183 618 4238 in
639 4196 702 4254 cap.
717 4182 841 4249 lindam,
863 4181 896 4237 de

112 4248 222 4328 aaaron.
249 4250 322 4335 Inde
335 4260 421 4309 etiem
436 4252 574 4309 beneficia
591 4252 664 4309 dicta
680 4258 746 4309 sunt
758 4266 893 4309 commea·

114 4317 235 4400 domme
250 4329 284 4379 ut
298 4337 327 4378 tn
342 4323 404 4404 ΙΙ,
423 4324 465 4380 tit.
481 4322 526 4391 ΙΙ,
542 4320 590 4379 lib.
613 4324 635 4380 1.
652 4324 757 4393 Legum
768 4322 894 4391 bonaco:

117 4386 194 4445 Cotem
207 4406 270 4449 ecre
296 4393 420 4450 bominac
440 4394 531 4462 libari,
546 4394 595 4463 pm
615 4392 660 4449 oct
681 4392 895 4449 commendatio·

116 4471 177 4540 com,
189 4461 230 4541 acl
242 4463 404 4544 beneficiam
415 4464 631 4521 ecclesiasticam
645 4463 754 4529 meent,
770 4462 843 4518 siam
856 4478 898 4519 re·

118 4527 178 4597 tram
184 4537 327 4599 amatam
339 4535 461 4605 sociant.
478 4533 548 4591 lude
565 4548 619 4590 nos
639 4532 851 4601 mmmandcrie,
870 4540 898 4591 et

116 4604 323 4660 commendatore.
339 4605 461 4662 Causam
475 4601 709 4660 commendatum
726 4602 897 4674 precipuum

117 4665 182 4749 banc
192 4684 254 4729 esse
267 4682 378 4731 certum
397 4681 450 4743 est,
463 4688 550 4747 quum
565 4673 704 4730 dioeceses
719 4672 755 4728 ob
770 4672 899 4729 devasta-

119 4744 211 4796 tionem
226 4759 415 4818 paganorum,
428 4746 473 4802 vel
489 4744 687 4801 hereticorum
709 4742 829 4799 desertae
850 4758 896 4800 es·

119 4814 457 4897 sentcommendabantur
469 4818 611 4888 episcopis
626 4815 741 4871 alterius
752 4813 894 4885 diaecesis,

119 4885 145 4933 ut
164 4882 285 4967 Frotnno
309 4884 514 4960 Burdogaleusi
536 4886 711 4958 archiepisco
733 4901 750 4941 o
773 4886 899 4945 Joanncs

119 4948 185 5031 ΙΙΙΙΙ,
191 4953 392 5039 bituricensem
404 4957 556 5038 ecclesiam
574 4900 900 5027 commendavitquam-

120 5017 161 5075 dm
167 5022 460 5093 scilicetBttunoeosts
468 5027 626 5085 devastatio
636 5025 761 5094 duraret,
775 5026 803 5082 in
814 5028 896 5099 epist.

120 5088 157 5146 il.
169 5092 317 5154 balsamon
332 5097 368 5155 ad
382 5113 446 5155 cen.
463 5098 507 5167 st,
521 5098 648 5180 apostol.
665 5098 704 5154 ait
716 5096 819 5153 multos
833 5101 899 5157 civi·

120 5165 437 5241 tatesproptergentium
448 5169 626 5227 incursiones
636 5167 743 5239 absque
758 5168 899 5244 episcopis

121 5240 267 5319 manentes,
281 5241 457 5297 oeconomica
479 5241 588 5297 ratione
608 5238 671 5294 aliis
693 5236 816 5306 attribui,
836 5244 901 5293 κατὰ

121 5300 183 5364 lotor
209 5311 345 5372 attempta<
365 5311 513 5367 ἐπισκόπους
530 5310 756 5376 προσανατίθενται.
769 5304 900 5366 Notanda

121 5370 198 5457 Verbi!
207 5380 270 5461 aar&
278 5380 350 5444 λόγον
363 5381 575 5452 otrovoptocqutd
586 5386 614 5436 el
622 5385 818 5450 procuratores
828 5390 900 5434 OEOO·

123 5455 189 5500 nomi
202 5449 330 5507 dicuntur
344 5451 380 5509 ab
394 5453 540 5509 lnuoceut.
553 5452 609 5519 ΙΙΙ,
626 5452 654 5507 iu
667 5450 794 5520 epistolis
812 5460 897 5520 sape.

125 5580 131 5592 ,
150 5514 188 5641 δα)
198 5522 303 5603 lapsas
317 5523 458 5592 temporis.
478 5522 521 5579 Ne
535 5529 637 5578 noceat
650 5520 900 5593 tempuselapsum

124 5597 149 5639 m
167 5590 286 5662 algentia
298 5592 462 5675 conceditur
474 5593 617 5651 asumma
631 5591 786 5650 Pontifice:
802 5594 901 5662 utpote

125 5666 138 5708 a
151 5669 254 5717 summo
267 5663 401 5737 principe,
415 5663 491 5736 quod
504 5662 676 5720 beneficium
687 5668 773 5719 vocat
784 5674 901 5732 rapara-

1251 2687 1388 2749 CAPUT
1409 2684 1434 2747 I.

986 2824 1131 2887 Dilectus
1146 2823 1235 2884 filius
1249 2823 1406 2899 magister
1417 2823 1468 2892 Α,
1481 2811 1747 2896 personamus-

947 2921 1251 2995 siaedeBassevilla,
1260 2920 1414 2999 exposuit
1422 2933 1533 2980 coram
1545 2915 1651 2987 nobis,
1659 2911 1746 2990 quod

947 3042 1046 3103 quum
1063 3025 1151 3085 inter
1165 3023 1442 3101 praedecessorem
1465 3031 1561 3076 suum
1586 3029 1629 3074 ex
1652 3010 1747 3087 parte

946 3138 1023 3194 una,
1039 3123 1071 3183 et
1086 3119 1135 3201 (d)
1151 3121 1307 3197 priorem,
1322 3134 1361 3179 ac
1375 3115 1556 3177 monachos
1571 3112 1611 3171 de
1626 3113 1747 3170 Basse*

946 3220 1026 3282 villa
1046 3217 1258 3280 carnotensis
1273 3214 1425 3275 dioecesis
1448 3228 1491 3272 ex
1505 3210 1626 3279 altera,
1644 3220 1747 3282 super

947 3317 1084 3379 decimis
1099 3314 1268 3376 novalium
1282 3312 1370 3371 intra
1385 3309 1467 3368 fines
1484 3322 1553 3367 suae
1574 3301 1745 3381 parochiae

948 3412 1199 3476 consistentium
1220 3407 1359 3485 quaestio
1379 3402 1579 3474 emersisset,
1601 3415 1642 3461 ea
1660 3414 1746 3477 pen-

948 3512 1045 3573 dente
1055 3524 1165 3571 coram
1175 3505 1342 3585 judicibus
1355 3520 1375 3566 a
1387 3502 1470 3565 Sede
1482 3498 1671 3578 Apostolica
1688 3496 1747 3557 de*

947 3665 1051 3721 tionem
1076 3660 1208 3732 temporis
1224 3656 1367 3717 Honorius
1382 3656 1411 3711 in
1423 3654 1442 3711 Ι.
1455 3653 1480 3711 2.
1498 3653 1540 3720 C,
1552 3652 1585 3708 da
1599 3648 1745 3721 temporib.

948 3739 973 3792 at
985 3737 1111 3804 rapo-rot.
1130 3730 1371 3803 appellationum:
1385 3728 1409 3784 Α
1429 3729 1524 3781 nostro
1536 3723 1651 3780 numina
1665 3735 1747 3789 ropa-

948 3804 1143 3874 ratioaempoti
1175 3802 1344 3872 recipimus.
1362 3795 1559 3925 Symmachus,
1574 3794 1657 3866 epist.
1673 3792 1707 3850 32
1720 3799 1749 3848 ct

948 3876 992 3945 49,
1011 3874 1059 3933 lib.
1076 3876 1118 3932 X:
1165 3890 1213 3929 am
1227 3872 1307 3929 veltet
1322 3871 1381 3941 inse
1395 3871 1462 3925 icam
1474 3878 1565 3924 caasa
1581 3865 1693 3934 lapsam
1705 3877 1747 3918 re-

946 3948 1096 4018 paratione
1107 3945 1224 4003 sarcire.
1238 3942 1388 4001 lastiniam
1401 3942 1430 3996 in
1440 3938 1566 3994 Nescitis
1581 3934 1747 3985 ἐπανανέωσιν

950 4025 1042 4087 vocat,
1065 4016 1160 4074 idest
1183 4012 1428 4079 restaurationem,
1451 4024 1502 4065 seu
1526 4005 1745 4070 reiterationem,

950 4103 1035 4217 guam
1052 4086 1183 4143 cabareti
1195 4084 1282 4155 spatii
1297 4082 1561 4151 redintegrott'mtem
1581 4080 1665 4132 vocat
1680 4075 1698 4131 l.
1719 4074 1745 4141 l,

977 4203 984 4216 .
1003 4159 1144 4226 Tbeodos„
1155 4158 1188 4213 de
1199 4159 1326 4225 reparat.
1344 4152 1528 4222 apparatior.

987 4228 1027 4302 (b)
1038 4229 1129 4285 Abbos
1143 4233 1168 4283 at
1191 4228 1341 4283 conventos
1355 4221 1532 4278 abendonia.
1551 4218 1584 4275 ln
1608 4214 1747 4274 Berkeusl

951 4314 1038 4426 ρθὲρ,
1054 4297 1186 4355 dioecesis
1205 4292 1417 4353 salisberiensis
1436 4298 1490 4363 est
1503 4287 1679 4347 abendonia
1693 4299 1748 4341 coe

951 4385 989 4428 no
1010 4384 1079 4437 tum,
1095 4367 1273 4425 lundatuma
1296 4365 1374 4422 Cissa
1391 4376 1460 4434 rege
1481 4358 1650 4432 anglorum,
1668 4361 1748 4427 patre

952 4444 1011 4499 lusa
1024 4454 1054 4497 re
1077 4440 1101 4496 is
1120 4435 1342 4496 occidentalium
1358 4434 1503 4490 Senonum
1520 4447 1526 4485 :
1544 4435 1642 4500 postea
1657 4424 1746 4481 Edro-

951 4512 1016 4578 das,
1032 4453 1146 4567 Efilredi
1158 4521 1258 4579 nepos,
1270 4520 1320 4560 rex
1331 4501 1398 4559 illud
1410 4502 1496 4573 coepit
1508 4498 1669 4576 restituere,
1683 4501 1746 4550 tau·

951 4590 1069 4652 tumque
1084 4579 1190 4639 amoris
1204 4574 1368 4646 assumpsit,
1384 4579 1415 4628 ut
1426 4586 1476 4643 pcr
1491 4585 1522 4627 se
1536 4570 1597 4625 loca
1618 4564 1749 4623 aedilicio·

953 4666 1016 4709 rum
1038 4657 1201 4717 metaretur,
1222 4654 1252 4703 et
1274 4644 1458 4701 fundamenta
1480 4640 1611 4714 jactaret.
1637 4635 1692 4694 Sed
1713 4651 1749 4693 eo

953 4728 1044 4779 morte
1065 4726 1209 4794 praevcuto
1225 4716 1352 4783 abbates,
1368 4714 1442 4771 illius
1455 4712 1510 4770 loci
1525 4708 1653 4768 certatim
1669 4706 1697 4764 id
1711 4708 1749 4763 lo-

953 4793 1177 4865 cupletaverunt,
1193 4791 1231 4846 ita
1244 4794 1275 4845 ut
1286 4789 1314 4843 iu
1330 4787 1503 4842 immensum
1518 4781 1648 4838 creverit.

989 4864 1030 4937 (Ι)
1051 4866 1101 4921 Est
1113 4861 1258 4932 subreptio
1273 4856 1387 4930 quaudo
1399 4862 1508 4913 tacetur
1522 4853 1626 4910 veritas
1641 4850 1676 4907 de
1686 4848 1750 4923 Jure

953 4934 1155 5081 exprimendm
1172 4931 1311 5003 obreptio,
1326 4926 1440 5056 Quando
1453 4925 1561 4983 salsitas
1571 4924 1747 4995 exprimitur.

1002 5007 1030 5077 Ι)
1042 5008 1079 5065 Cc
1098 5004 1161 5062 titre
1176 5002 1250 5060 n'est
1265 5015 1316 5073 pas
1350 5014 1402 5055 ans
1416 4998 1442 5053 la
1460 4996 1626 5067 Compitatt'o
1641 4994 1748 5064 prima.

954 5079 977 5136 ΙΙ
994 5095 1010 5135 a
1026 5075 1072 5135 ete
1085 5074 1220 5133 introduit
1232 5072 1304 5129 dans
1317 5070 1344 5126 la
1357 5068 1524 5138 compilatio
1536 5064 1667 5131 semaco,
1680 5076 1751 5119 avec

953 5150 980 5206 le
995 5151 1089 5206 meme
1102 5144 1212 5203 cblllre.
1235 5144 1258 5201 ll
1278 5142 1368 5198 forme
1386 5141 1413 5197 le
1425 5140 1489 5196 titre
1509 5138 1555 5196 lto
1571 5136 1622 5193 des
1639 5133 1749 5191 Deerat.

954 5219 1163 5290 Gregorieancs.

992 5289 1032 5364 (c)
1049 5286 1225 5347 cancellario
1247 5281 1416 5340 Poristonsi.
1437 5278 1510 5341 Vide
1532 5292 1595 5350 qum
1614 5280 1749 5331 notantur

954 5358 1026 5418 inira
1038 5360 1073 5418 ad
1084 5374 1146 5432 cap.
1159 5359 1187 5427 3,
1200 5358 1233 5412 da
1245 5356 1315 5412 Tast.
1674 5412 1679 5425 ι

991 5432 1033 5505 (d)
1052 5432 1182 5495 Priorem
1203 5442 1236 5484 ac
1249 5424 1398 5481 monacltos
1411 5423 1444 5477 do
1455 5416 1620 5475 bassavilla.
1636 5415 1747 5493 Priora-

954 5510 1000 5560 tus
1014 5509 1057 5559 est
1071 5497 1268 5558 conventualis
1279 5490 1500 5561 Sanctiodorgii
1510 5483 1748 5565 dabassainmlle,

954 5572 1087 5631 dioecesis
1102 5567 1294 5636 carnotensis,
1307 5562 1472 5636 dependens
1482 5574 1498 5615 a
1510 5569 1619 5628 majore
1634 5569 1748 5612 monas·

955 5645 1037 5713 terio,
1049 5640 1261 5703 Marmoastiar.
