3980 6198
104 313 160 374 215
595 310 753 381 QUINTA
774 311 1035 373 GOMPILATIO.
1060 313 1138 374 LIB.
1163 313 1203 373 11.
1688 312 1748 373 246

106 469 192 539 ralis,
210 484 269 528 seu
281 466 380 529 etiarn
399 468 507 544 ipsum
529 468 682 531 comitem
697 469 738 531 de
753 471 816 531 Les
830 486 894 531 ex-

104 565 375 629 communicatum
393 565 496 628 tuisse
515 568 662 644 tempore
684 583 748 644 quo
764 568 895 629 nostras
951 545 1117 619 EPWW
1138 555 1188 622 ta)
1208 543 1328 605 Abbati
1353 541 1471 605 Sami
1492 543 1625 613 ⁸0va
1644 542 1677 603 03
1697 542 1745 623 (b)

104 664 142 727 ad
164 678 222 726 uos
245 662 374 725 litteras
396 662 597 740 impetrauit,
623 666 721 742 prout
746 665 894 743 eiusdem
1024 660 1214 733 preposito
1232 658 1368 720 Soractia
1386 660 1557 733 Erasemtce
1570 661 1664 719 Pico.

104 763 153 825 W.
170 762 365 838 procurator
385 760 539 838 exposuit
559 777 672 823 coram
694 762 801 835 nobis,
819 779 890 835 vos,

104 859 163 921 nisi
177 858 284 921 dictus
295 874 404 921 eomes
414 858 604 936 probauerit
613 860 827 938 saepedictum
838 861 890 921 W.
1248 828 1384 889 CAPUT
1404 828 1444 887 ῙῙ·

104 960 243 1034 tempore
255 973 322 1034 quo
332 957 503 1021 litteraead
516 957 669 1020 abbatem
683 958 795 1020 Sancti
806 960 895 1019 Lau·
989 960 1216 1038 conquerente
1238 960 1316 1021 olim
1332 957 1378 1038 (o)
1394 958 1512 1021 abbate
1532 959 1645 1022 Sancti
1661 916 1746 1024 Sinti

104 1055 195 1117 rentii
210 1056 331 1132 atejus
345 1054 537 1133 conjudices
551 1071 611 1133 pro
626 1070 665 1117 eo
680 1055 815 1118 directae
829 1056 895 1116 im·
949 1057 1038 1120 Plac.
1056 1057 1294 1119 monasterium
1306 1073 1403 1118 suum
1418 1072 1492 1119 esse
1504 1072 1524 1118 a
1537 1055 1587 1136 (d)
1598 1073 1748 1120 eommu-

104 1154 233 1230 petrataa
245 1152 381 1215 fuerunt
394 1153 462 1215 alia
481 1153 824 1217 excommunicatione
842 1154 895 1215 te-
947 1155 1052 1218 nitate
1073 1156 1244 1216 Cremonae
1267 1154 1394 1216 duabus
1418 1154 1567 1231 partibus
1582 1154 1630 1234 (e)
1646 1155 1747 1218 castri

104 1252 169 1315 neri
183 1249 224 1312 ab
238 1266 280 1313 ea
300 1267 398 1328 quam
413 1250 555 1315 incurrit
575 1252 651 1313 cum
672 1251 836 1315 Lodovico
858 1251 893 1312 in
948 1254 980 1315 et
1004 1253 1106 1315 curtis
1122 1252 1293 1315 Wastallae
1321 1268 1381 1330 per
1407 1251 1602 1314 violentiam
1625 1269 1747 1330 exspo-

103 1348 248 1425 hnpliam
276 1347 539 1422 transfretando,
566 1349 700 1426 negotio
733 1364 892 1426 superse·
947 1350 1074 1423 liatum,
1089 1350 1122 1413 et
1138 1365 1197 1412 eos
1217 1351 1343 1413 curtem
1364 1350 1504 1413 Lhariaa
1517 1350 1559 1411 ad
1572 1349 1661 1411 idern
1675 1366 1748 1412 mo-

104 1447 209 1511 dentes
223 1446 442 1524 omninojam
463 1446 586 1511 dictum
605 1446 757 1509 abbatem
780 1446 893 1508 Sancti
947 1449 1132 1512 nasterium
1171 1448 1391 1526 pertinentem
1429 1449 1545 1510 contra
1581 1447 1746 1526 justitiam

103 1544 265 1607 laurentii
281 1545 316 1607 et
332 1546 405 1623 ejus
420 1544 610 1622 conjudices
624 1545 804 1622 procedere
816 1559 894 1622 per-
948 1546 1112 1622 detinere,
1126 1545 1234 1608 felicis
1249 1545 1418 1608 memoria
1431 1546 1642 1608 Innocentius
1655 1548 1747 1623 Papa

103 1642 232 1705 mittatis
239 1642 340 1720 juxta
354 1642 511 1707 traditam
525 1642 589 1704 sibi
603 1642 754 1705 sormam.
767 1645 894 1704 Procu-
948 1644 1173 1722 praedecessor
1184 1643 1400 1706 nosterbonae
1410 1643 1579 1706 memoriae
1592 1643 1746 1721 episcopo

103 1740 301 1803 ratorevero
322 1739 494 1817 saepedicti
513 1742 568 1803 W.
585 1739 756 1804 deficiente
778 1741 813 1801 in
832 1756 894 1801 ex·
948 1742 1075 1818 Regino
1103 1741 1268 1805 commisit
1295 1739 1486 1819 hujusmodi
1514 1741 1743 1817 quaestionem,

101 1838 282 1915 ceptionum
306 1837 501 1916 probatione
529 1837 709 1911 dictarum,
737 1838 791 1900 vel
819 1838 891 1916 ipso
946 1840 1009 1902 etc.
1025 1840 1059 1901 et
1072 1841 1311 1915 trasamverum
1324 1838 1388 1916 ipsi
1400 1839 1634 1916 procuratores
1649 1854 1744 1915 quos·

103 1936 212 1998 comite
223 1936 429 1998 sufficienter
437 1935 597 2014 probante
608 1935 731 1998 dictum
741 1937 794 1998 W.
807 1936 892 1997 tem·
946 1936 1022 1998 dam
1045 1952 1112 2000 non
1135 1937 1176 1999 ad
1200 1935 1444 2013 procedendum
1463 1936 1499 1997 in
1523 1950 1625 1997 causa
1645 1937 1744 2012 prout

102 2047 172 2109 pore
193 2032 381 2097 litterarum
400 2033 652 2110 impetraturum
676 2048 736 2110 pro
749 2049 809 2105 eo,
831 2049 893 2094 ex·
946 2034 1143 2112 acceperant
1156 2034 1191 2097 in
1202 2033 1378 2106 mandatis,
1392 2033 1450 2094 sed
1465 2033 1574 2110 potius
1586 2022 1751 2110 adapos-¹

103 2131 393 2195 commimicatione
404 2131 471 2194 alia
484 2131 525 2195 ab
539 2148 579 2193 ea
589 2148 686 2209 quam
695 2131 730 2193 in
738 2131 890 2207 angliam
945 2132 1081 2196 tolicum
1097 2132 1262 2210 judicium
1283 2130 1517 2193 declinandum
1536 2129 1578 2190 ad
1597 2130 1746 2193 nostram

102 2228 339 2293 hanshetando
364 2230 507 2293 incurrit
529 2229 634 2291 fuisse
656 2229 806 2307 ligatum,
818 2243 890 2300 vos,
947 2230 1158 2307 praesentiam
1173 2228 1381 2291 destinarunt
1397 2249 1405 2289 ε
1421 2228 1478 2305 qui
1492 2227 1571 2289 licet
1593 2226 1659 2288 fori
1683 2242 1744 2288 ex-

101 2325 210 2389 littaris
223 2327 268 2389 ad
283 2325 435 2389 abbatem
448 2326 562 2390 Sancti
576 2325 748 2389 Laurentii
766 2326 799 2386 et
820 2328 892 2402 ejus
947 2326 1132 2404 ceptionem
1145 2325 1369 2403 opposuerint,
1382 2324 1468 2388 sicut
1477 2324 1543 2386 riri
1553 2323 1742 2402 prudentes,

101 2423 284 2493 conjudices
297 2423 439 2487 obtentis
452 2439 662 2501 nequaquam
673 2421 891 2495 obstantibus,
947 2438 988 2487 ac
1001 2424 1123 2503 injure
1137 2423 1236 2502 periti
1250 2422 1346 2486 nobis
1364 2421 1591 2500 multipliciter
1605 2422 1746 2485 suadere

100 2520 129 2583 iu
137 2522 272 2598 negotio
283 2522 461 2599 ipsojuxta
476 2521 617 2585 formam
630 2520 724 2583 vohis
736 2519 893 2583 traditam
948 2522 1158 2593 studuerunt,
1191 2521 1408 2599 quaestionem
1443 2519 1635 2597 hujusmodi
1673 2535 1746 2582 esse

99 2620 197 2696 appel.
222 2619 406 2697 postposita
429 2618 629 2696 procedatis,
648 2618 750 2679 nullis
772 2617 892 2680 litteris
947 2618 1198 2698 relinquendam
1214 2617 1343 2696 judicio
1360 2616 1525 2680 saeculari.
1542 2618 1612 2680 Nos
1635 2618 1746 2680 tanum

100 2715 309 2788 obstantibus,
323 2716 352 2777 si
367 2733 440 2794 quae
459 2716 678 2794 apparuerint
701 2716 820 2779 harum
842 2716 893 2778 te-
947 2717 1060 2780 habito
1079 2732 1178 2795 super
1196 2716 1249 2778 his
1264 2715 1287 2776 s.
1303 2730 1337 2776 n.
1353 2714 1494 2778 consilio
1513 2714 1743 2793 exceptionem

101 2829 171 2879 nora
183 2813 289 2877 tactu
301 2828 321 2877 a
337 2814 421 2875 Sede
435 2813 626 2891 apostoliea
640 2813 836 2891 impetratis.
946 2815 1053 2894 ipsam
1067 2830 1134 2878 non
1148 2813 1303 2876 duximus
1317 2812 1565 2879 admittendam.

101 2959 188 3002 eomes
211 2944 249 3003 de
272 2945 329 3002 Les
347 2943 496 3002 dominum
513 2944 702 3003 leodiensem
724 2945 891 3018 episcopum
945 2945 1114 3020 saepedicti,
1130 2960 1258 3019 presens
1279 2946 1416 3018 seriptum
1429 2944 1593 3003 confirmari
1608 2944 1743 3002 decrevit.

101 3031 266 3108 hosngium,
282 3031 358 3106 (prod
372 3035 396 3091 si
411 3033 649 3093 conventionibus
662 3034 889 3107 etcompositio·
945 3038 1045 3093 Testes
1072 3034 1238 3108 brunulphus
1265 3048 1363 3092 comes
1391 3035 1564 3101 Ginnarum,
1585 3033 1746 3091 Willelmus

102 3121 175 3180 nibus
200 3121 345 3196 praedictis
358 3123 503 3194 deiiceret,
519 3124 581 3196 ipse
598 3124 751 3196 episeopus
772 3137 890 3180 manum
945 3122 1101 3181 advocatus
1125 3122 1320 3191 betuniensis,
1335 3125 1462 3180 loannes
1481 3121 1655 3179 castanaeus
1675 3122 1745 3178 Bru-

103 3211 217 3271 mitteret
227 3212 264 3271 nd
275 3211 393 3271 laudum
407 3227 502 3284 suum,
514 3220 543 3271 et
555 3213 669 3270 interim
682 3226 780 3271 comes
789 3210 825 3269 de
835 3213 891 3271 Les
944 3211 1054 3284 gensis,
1070 3211 1233 3270 willelmus
1258 3211 1432 3269 castellanus
1454 3209 1622 3277 audomari,
1641 3209 1746 3267 hraui-

103 3297 165 3358 uihil
176 3302 356 3374 acciperetin
371 3299 455 3359 leudo
466 3301 513 3359 illo
523 3301 600 3372 quod
610 3308 688 3360 tenet
698 3300 734 3360 ab
744 3301 889 3374 episcopo,
945 3299 1020 3372 phus
1034 3298 1070 3356 de
1084 3297 1226 3366 Ardinalt,
1243 3296 1438 3355 Theudoricus
1457 3295 1493 3354 de
1513 3297 1614 3365 Bunia,
1630 3296 1748 3368 Sigerus

103 3401 236 3463 quousque
255 3389 442 3448 emendatum
465 3397 542 3448 esset
560 3390 679 3448 consiho
698 3389 787 3448 curiae
804 3390 889 3446 Flan-
945 3387 1118 3445 castellanus
1138 3384 1346 3454 Gaudavensis,
1362 3385 1471 3443 Walter
1490 3382 1649 3453 Bertoldus,
1664 3383 1745 3442 Wal-

103 3474 210 3548 drens's,
225 3486 254 3537 ot
275 3477 345 3537 inde
366 3479 476 3536 litteras
496 3478 587 3552 ipsius
607 3477 737 3551 episcopi
761 3482 891 3550 patentes
945 3483 1022 3533 terus
1034 3473 1070 3532 de
1080 3473 1217 3542 Solnihei,
1231 3472 1392 3531 Bernardus
1406 3471 1441 3532 do
1453 3471 1600 3543 hosebais,
1610 3478 1639 3530 et
1648 3487 1747 3544 quam-

105 3566 250 3637 acquireret
271 3580 374 3625 comes
397 3565 433 3624 de
458 3568 515 3625 Les
551 3565 668 3624 domino
691 3565 890 3634 Namurccusi,
945 3563 1051 3636 plures.
1068 3563 1169 3620 Actum
1183 3562 1286 3635 Brugis
1301 3561 1329 3618 in
1345 3561 1431 3620 domo
1443 3561 1599 3635 praepositi,
1613 3561 1660 3619 die
1674 3559 1745 3620 sesto

102 3649 186 3725 bajulo
200 3655 380 3715 Flaudrensi.
396 3656 452 3713 Pro
468 3669 553 3729 posse
575 3655 662 3713 etiam
683 3669 736 3713 suo
755 3653 818 3711 sine
838 3667 891 3711 suo
946 3653 974 3710 S.
992 3652 1154 3721 Donatiani,
1171 3666 1271 3709 mense
1285 3650 1423 3722 Octobris,
1441 3666 1517 3708 anno
1540 3651 1630 3711 Verbi
1645 3653 1743 3709 Incar-

104 3737 198 3799 damno
211 3749 302 3817 ponet
314 3757 411 3801 eomes
425 3742 462 3801 de
476 3744 533 3801 Los
545 3741 709 3816 hostagium
724 3740 825 3798 ducem
841 3742 891 3798 Le
945 3741 1004 3798 nati
1016 3741 1341 3815 hucv1.ltuhiergo‚et
1353 3741 1496 3799 chestre
1506 3740 1743 3810 confirmationis,

103 3831 255 3890 raniensem
275 3831 355 3905 quod
373 3833 398 3889 si
417 3832 447 3890 in
461 3831 698 3890 conventionibus
719 3830 789 3888 satis
807 3828 890 3888 dictis
944 3833 970 3886 rt
984 3844 1022 3897 c.;
1035 3828 1060 3885 si
1074 3828 1138 3900 quis
1157 3835 1263 3898 autem,
1278 3831 1305 3884 et
1318 3842 1342 3885 c.
1358 3829 1462 3885 Datum
1480 3828 1614 3887 Laterani
1627 3828 1664 3886 lt
1676 3828 1740 3886 Kal.

104 3914 231 3992 deliniet,
246 3920 307 3979 dux
329 3919 365 3978 ad
386 3920 503 3979 feudum
522 3935 606 3978 suum
618 3934 737 3978 manum
752 3919 888 3988 mitteret,
948 3917 1058 3991 aprilis,
1075 3916 1261 3975 Pontihcatm
1275 3916 1364 3974 nostri
1379 3930 1455 3974 anno
1468 3916 1571 3988 primo.

50 4072 53 4077 >
106 4017 237 4111 ΜΨ
250 4009 439 4112 amandarum
459 4016 537 4111 ΒΨ
557 4009 676 4109 ⁰⁰⁹⁸3¹¹⁰
697 4023 784 4067 ⁰¹¹¹*oe
803 4009 887 4109 ΜΨ
980 4058 1022 4134 (a)
1037 4059 1139 4118 norat
1148 4062 1177 4119 s.
1189 4059 1296 4117 savina.
1313 4059 1416 4117 neseio
1432 4073 1469 4142 an
1483 4058 1512 4118 s.
1530 4057 1652 4116 savinus
1666 4055 1743 4141 ruem

106 4093 212 4200 (ΜΨ
222 4108 252 4157 ⁶¹
262 4097 335 4202 {¹¹4⁰
346 4099 456 4156 ”mm
469 4095 649 4200 ipsffmdws
660 4095 890 4199 ''Ptemefffacffl‘
944 4132 980 4189 sit
994 4146 1060 4189 cum
1075 4146 1110 4187 eo
1124 4131 1161 4187 de
1175 4145 1232 4202 quo
1245 4132 1274 4188 lo
1295 4130 1380 4200 nitur,
1405 4132 1522 4188 theron.
1546 4128 1674 4197 Rubcus,
1693 4129 1742 4186 hb.

106 4180 190 4243 haben
203 4187 322 4247 domino
336 4189 524 4247 Namureensr
539 4186 575 4245 da
589 4202 701 4260 proprm
721 4192 834 4245 comitis
852 4185 888 4244 de
944 4204 993 4270 pp,
1009 4202 1116 4259 pepon
1132 4202 1249 4269 pavea„
1271 4145 1338 4257 gum
1361 4201 1400 4257 ap
1415 4203 1443 4258 s,
1461 4200 1559 4283 §avim
1572 4199 1699 4282 episcopt
1714 4207 1746 4257 01

107 4271 154 4331 Las
165 4273 330 4348 hereditate,
346 4291 432 4350 quam
448 4278 543 4350 posuit
561 4275 889 4349 reimaginantes
944 4273 1077 4400 martyris
1090 4286 1195 4344 eorpus
1216 4272 1387 4329 elevatume
1403 4280 1566 4344 pavimento
1588 4272 1685 4337 temph
1707 4273 1743 4329 D.

108 4359 130 4416 tn
148 4367 257 4424 ,emate
282 4365 391 4424 domini
412 4365 588 4424 marchionis
610 4365 817 4424 Namumensqs
841 4363 889 4435 quq
944 4343 1126 4416 apolinaris,
1153 4350 1181 4399 et
1205 4342 1329 4414 positum
1351 4342 1380 4397 iu
1399 4341 1504 4398 sacello
1528 4343 1556 4398 S.
1583 4340 1746 4400 catharina>

110 4446 249 4523 [hamum
261 4456 366 4528 somn
380 4455 455 4528 quod
470 4454 508 4531 si]
525 4469 624 4512 comes
646 4452 681 4511 de
697 4455 753 4510 Los
768 4467 888 4510 uxorem
944 4413 1179 4544 {igaeggtflffimph
1188 4427 1264 4470 anno
1273 4409 1744 4483 1266,arbinpposremepiseopo

108 4552 176 4640 suam
198 4543 368 4615 rehabuerit,
393 4550 421 4601 et
444 4542 561 4602 domino
583 4541 772 4601 Namuroensi
794 4541 888 4598 visum
980 4571 1022 4647 (b)
1045 4571 1199 4642 mm,
1216 4571 1244 4627 s·
1264 4569 1412 4642 ΝΜ,
1437 4566 1559 4625 Dubium
1580 4583 1617 4625 a„
1634 4569 1666 4626 B.
1683 4569 1742 4626 Eu,

109 4623 888 4706 futili·(1⁰⁰⁶oessss90831100¹1¹⁰⁸d01108128f11301effl
944 4642 1029 4701 semia
1050 4643 1087 4699 sit
1108 4641 1209 4700 sedern
1230 4655 1296 4699 cunr
1322 4654 1356 4696 ea
1377 4638 1413 4696 de
1435 4653 1491 4711 qua
1515 4638 1590 4695 idern
1616 4638 1743 4709 habeus,
1766 4682 1768 4686 -

109 4729 177 4774 nan
190 4718 369 4779 adherednre
387 4720 537 4778 dominum
558 4718 732 4777 willelmum
755 4717 792 4776 de
813 4725 888 4775 terra
943 4715 991 4772 lib.
1008 4717 1031 4783 l,
1047 4712 1133 4771 refert
1154 4715 1187 4771 D.
1210 4712 1404 4785 Apollinarem
1424 4724 1528 4782 corpus
1546 4712 1586 4793 B..
1605 4710 1744 4769 Eutemie

110 4815 162 4873 qm,
174 4815 213 4864 ἃ,
226 4811 252 4869 ei
266 4809 424 4883 assignata,
440 4816 469 4867 0,
489 4809 551 4882 ipse
572 4822 670 4866 come,
693 4805 728 4864 de
750 4808 806 4864 Lo,
820 4804 887 4863 inde
943 4784 1074 4915 mariqris
1097 4784 1291 4857 Aquileiensis
1311 4784 1478 4841 Ravennam
1501 4781 1647 4853 detulisse,
1660 4791 1689 4841 et
1702 4783 1744 4841 ibi

111 4889 482 4967 deiceret,leudumdomini
496 4895 663 4956 Leodiensis
678 4896 786 4954 domini
799 4899 887 4955 lova·
942 4855 1280 5019 ‘effifflfflffii'
1301 4941 1506 5001 nonasterium
1529 4943 1556 5001 S·
1578 4942 1646 5001 Sim
1668 4944 1742 5001 imm

111 4979 307 5084 nimffhfflem
322 4987 352 5045 m
366 4984 500 5060 p‘aedicm
515 4985 702 5059 hoemgiam'
713 4984 887 5044 Hae⁰⁰¹¹¹¹¹¹⁸
940 5017 1039 5076 urbem
1063 5014 1240 5074 Placentiam
1264 5014 1373 5072 ordinis
1385 5014 1413 5072 S.
1430 5013 1586 5084 Benedicti,
1611 5016 1738 5088 Congre-

111 5067 206 5138 ptenurs
219 5074 338 5134 maenala
359 5081 389 5133 et
409 5073 519 5132 drmim
537 5073 716 5133 observanda
731 5073 884 5131 mauvia.
940 5089 1067 5163 gummis
1079 5087 1269 5147 flamensis,

110 5163 238 5221 comesde
251 5162 396 5223 losetde
411 5161 570 5233 llollandia,
586 5171 614 5220 et
627 5161 760 5221 dominus
773 5160 884 5222 Willel·
976 5177 1020 5251 (ὁ)
1050 5176 1254 5234 communem,
1288 5174 1438 5232 ermom,
1473 5174 1588 5231 meson,
1624 5172 1743 5231 puppup

111 5258 163 5304 uns
175 5253 250 5311 tactis
265 5252 454 5315 saerosanctis
466 5253 644 5328 juraverunt.
658 5252 797 5310 Dominus
811 5267 882 5325 quo·
941 5257 1017 5308 recte
1040 5254 1121 5305 notat
1143 5247 1198 5304 hac
1220 5252 1391 5319 tempestate
1417 5244 1531 5329 italicas
1561 5243 1661 5327 urbes,
1689 5259 1742 5316 spe

111 5346 156 5403 qun
168 5341 286 5399 mammo
295 5342 507 5412 Namumpngqq
517 5340 630 5415 bajulus
645 5340 784 5398 ppanpfpae
798 5355 885 5413 supe,
939 5320 1077 5378 libertatis
1090 5318 1213 5391 quadam
1229 5318 1344 5387 abusos,
1357 5324 1387 5374 et
1399 5331 1506 5373 crurum
1519 5330 1637 5371 suorum
1651 5323 1737 5370 intes·

111 5420 140 5480 ib
154 5429 274 5488 omuibus
292 5430 491 5489 inuiolabiliter
508 5428 706 5497 observandis,
716 5428 752 5486 ud
770 5430 883 5501 petitin-
939 5389 1370 5536 ξὲῧθὲἓέἔὲἰθξῑΐὲἰξὲξψω
1392 5384 1656 5461 ⁰Pp¹¹g¹¹⁰¹i⁰¹¹jb¹¹⁸
1676 5399 1739 5441 ΠΜ·

111 5519 392 5591 amanuenses,
404 5517 838 5597 ermminiwilelffiiobsidim
853 5534 885 5577 ⁸0
975 5550 1016 5627 p)
1033 5551 1129 5608 cntra·
1147 5554 1173 5607 a
1189 5548 1287 5607 carru
1303 5546 1458 5604 antarta.
1475 5542 1618 5602 cuasam
1632 5543 1737 5615 prine-

110 5605 244 5679 eonstituit,
253 5608 401 5683 sigilloque
412 5624 466 5667 suo
476 5608 648 5683 cumsigillo
659 5607 773 5666 comitis
783 5607 819 5665 de
829 5609 885 5666 Los
940 5631 1024 5699 papus
1040 5621 1125 5679 pmqpe
1140 5628 1184 5678 est
1198 5620 1301 5679 donus
1319 5620 1463 5690 Gouzagae
1479 5614 1559 5688 Juxta
1575 5613 1694 5686 Padum,
1711 5623 1741 5675 et

111 5696 133 5746 el
149 5691 345 5771 dallollandia,
360 5705 387 5757 et
410 5713 475 5757 curn
500 5698 595 5771 sigillo
618 5696 724 5755 domini
748 5696 884 5755 Willohni
940 5710 1028 5769 prope
1043 5695 1200 5753 Mantuam.
