3936 6192
585 186 598 227 Ι
795 222 802 247 1
852 216 860 247 ι,

133 338 188 403 aas
544 262 583 427 ‚if
647 336 758 400 onoc
779 276 1147 433 ‘anmpbonnunuu
1170 335 1257 396 nar.
1717 337 1778 398 422

133 498 283 562 dominus
302 501 393 576 Papa
414 496 495 561 dicit
511 476 528 559 ’τ’
546 498 586 560 Et
605 512 667 574 ego
688 498 722 560 te
742 495 868 575 recipio
889 497 927 560 ut
979 495 1008 556 si
1024 510 1155 558 omnem
1176 493 1386 575 prudentiam
1408 494 1510 565 tuam,
1536 495 1695 571 quantum
1718 497 1776 558 tua

133 596 236 658 tilium
247 595 420 667 Ecclesiae3
434 595 467 658 et
479 595 579 658 mittit
592 610 667 656 eum
682 594 743 656 sub
756 595 879 667 manto,
893 595 927 657 et
978 608 1086 670 capax
1098 593 1148 655 est
1161 595 1293 666 natura,
1307 593 1421 654 divino
1435 592 1573 655 servitio
1584 593 1776 672 mancipare

132 693 187 755 ille
203 693 373 756 osculatur
387 694 501 771 pectus
520 692 646 755 domini
661 695 772 770 Papae,
790 693 822 753 et
836 692 927 754 acei-
978 690 1145 752 volueris?

132 791 178 869 pit
185 791 502 869 eumperdexteram
509 790 697 864 manumet
705 789 926 851 cancellarius
1018 788 1208 865 Respondet
1223 805 1231 845 z
1245 787 1295 850 Ita
1309 788 1378 850 toto
1394 789 1492 851 corde
1512 788 1599 859 volo,
1617 789 1653 849 in
1668 788 1777 850 omni-

132 891 202 968 ejus
223 888 387 952 sustentat
406 904 482 951 eum
495 904 517 950 a
530 888 677 951 sinistra.
698 887 831 950 Electus
846 903 926 951 vero
978 884 1040 947 bus
1054 884 1189 948 obedire
1208 886 1242 947 et
1255 887 1455 948 consentire.

131 986 261 1049 ducitur
286 1001 347 1064 per
372 984 544 1049 dexteram
576 985 617 1048 ad
652 985 926 1048 archidiaconum
1019 983 1179 1059 interrog.
1205 982 1264 1044 Vis
1287 998 1396 1045 mores
1415 984 1491 1045 tuos
1514 982 1557 1045 ab
1578 985 1669 1046 omni
1688 984 1776 1046 malo

131 1083 254 1145 domini
288 1086 403 1162 Papae,
437 1085 471 1148 et
500 1084 551 1146 sic
578 1083 682 1147 intrat
709 1099 770 1162 per
797 1083 926 1162 portam
978 1080 1180 1158 temperare,
1210 1081 1244 1144 et
1271 1080 1430 1157 quantum
1456 1080 1598 1158 poteris,
1636 1081 1777 1144 Domino

130 1197 266 1254 aeream,
292 1181 423 1245 clericis
454 1181 543 1248 beati
569 1182 661 1245 Petri
689 1181 924 1244 cantantibus:
979 1179 1169 1257 asljuvante,
1186 1178 1227 1240 ad
1244 1194 1340 1241 omne
1354 1177 1721 1240 nonum-commutares

129 1276 336 1339 Benedictus
363 1279 524 1339 corninus
548 1280 642 1340 Deru
670 1278 797 1350 lucet,
822 1290 942 1354 usque·
1019 1279 1058 1341 R.
1082 1279 1120 1340 ln
1143 1277 1303 1355 quantum
1326 1292 1472 1354 possum,
1496 1276 1584 1339 volo.

129 1372 170 1436 ad
194 1374 326 1452 portam
352 1374 589 1452 argentariam.
616 1373 666 1436 Ibi
688 1373 825 1436 dimittit
851 1389 927 1436 eum
1019 1375 1081 1435 int.
1103 1374 1163 1436 Vis
1178 1373 1391 1437 sobrietatem
1403 1390 1478 1437 cum
1488 1373 1549 1435 Dei
1563 1373 1690 1436 arixilio
1706 1391 1778 1437 cus·

129 1470 283 1534 dominus
304 1474 395 1549 Papa
416 1473 579 1535 orantem.
602 1474 706 1544 Quem
729 1471 820 1534 lento
843 1471 926 1533 sub-
979 1470 1111 1534 todiret

129 1570 280 1647 sequitur
312 1568 420 1645 gradu
455 1569 583 1645 Regina
618 1584 694 1632 cum
727 1568 927 1645 supradictis
1020 1572 1060 1632 R.
1083 1569 1295 1646 inquantum
1312 1570 1562 1648 possum,volo.

130 1665 322 1728 ductoribus
337 1666 408 1728 suis
426 1665 589 1744 usquead
608 1665 832 1743 supradictam
848 1681 928 1744 por-
1021 1667 1081 1728 lnt.
1104 1667 1163 1732 Vis
1180 1682 1311 1744 semper
1330 1667 1452 1728 divinis
1467 1667 1653 1744 mancipari
1674 1684 1778 1743 nego-

129 1764 194 1825 tam
234 1764 439 1840 argenteam.
478 1764 609 1826 Electus
647 1778 727 1826 vero
764 1763 927 1841 completa
976 1762 1046 1835 tiis,
1061 1764 1094 1826 et
1108 1778 1127 1823 a
1142 1762 1245 1825 lucris
1259 1763 1411 1840 turpibus
1425 1779 1499 1824 esse
1515 1764 1655 1834 alienus,
1671 1780 1778 1840 quan-

128 1862 295 1935 oratione,
320 1862 444 1939 surgit;
470 1862 503 1924 et
525 1860 701 1940 episcopus
727 1860 926 1924 albanensis
978 1860 1048 1922 tum
1062 1861 1095 1923 te
1109 1860 1257 1922 bumana
1271 1860 1431 1937 permittit
1450 1860 1633 1936 fragilitast

127 1957 283 2022 decantat
311 1973 412 2037 super
445 1974 522 2021 eum
553 1958 642 2021 banc
670 1958 812 2037 primam
844 1973 925 2021 ora·
1018 1960 1058 2021 R.
1081 1960 1290 2037 inquantum
1305 1974 1451 2036 possum,
1467 1959 1555 2020 volo.

128 2055 277 2118 tionem:
1018 2056 1080 2118 Int.
1103 2057 1162 2119 Vis
1194 2055 1415 2118 humilitatem
1447 2056 1480 2117 et
1512 2055 1705 2133 patientiam
1741 2056 1776 2116 in

165 2170 184 2213 «
201 2157 290 2216 Deus
304 2155 339 2215 in
352 2157 447 2234 cujus
464 2171 566 2216 manu
579 2155 679 2218 corda
695 2153 772 2217 sunt
784 2156 924 2232 Regum,
978 2154 1079 2216 temet
1096 2152 1170 2231 ipso
1185 2153 1362 2225 custodire,
1382 2154 1415 2214 et
1433 2151 1517 2214 alios
1537 2151 1579 2214 ad
1596 2151 1660 2214 hoc
1683 2152 1777 2215 incli-

125 2250 254 2313 inclina
273 2253 315 2313 ad
336 2268 452 2330 preces
470 2252 668 2315 humilitatis
685 2253 808 2314 nostrae
827 2266 927 2314 aures
980 2251 1085 2313 naret

125 2347 368 2411 misericordiae
392 2350 474 2421 tum,
501 2351 536 2412 et
562 2348 712 2427 Principi
737 2348 851 2410 nostro
872 2346 928 2410 ia·
1021 2349 1061 2410 R.
1084 2348 1121 2409 ln
1137 2348 1296 2424 quantum
1311 2362 1457 2425 possum,
1477 2347 1565 2409 volo.

124 2445 218 2508 mulo
232 2446 291 2507 tuo
308 2446 362 2508 ·N·
382 2446 531 2522 regimen
546 2462 676 2524 appone
691 2444 875 2523 sapientiae,
891 2445 928 2509 ut
1021 2445 1084 2506 lut.
1101 2444 1307 2522 Pauperibus
1320 2445 1353 2507 et
1362 2445 1549 2523 peregrinis
1559 2444 1777 2521 omnibusque

124 2542 259 2604 haustis
274 2542 314 2604 de
327 2544 385 2605 tuo
399 2542 489 2605 sonte
498 2543 649 2605 consiliis
664 2542 804 2622 placeat,
821 2534 855 2605 et
869 2558 928 2604 su·
979 2541 1204 2617 indigentibus
1216 2542 1267 2604 vis
1280 2558 1353 2604 esse
1363 2543 1499 2622 propter
1510 2558 1630 2606 nomen
1645 2543 1776 2604 Domini

124 2654 186 2716 per
199 2638 314 2700 omnia
333 2655 439 2716 regna
454 2639 633 2718 praecellat.
649 2657 669 2702 s
979 2638 1125 2701 affabilis
1139 2639 1173 2702 et
1187 2639 1399 2702 misericorst

164 2735 287 2798 Postea
295 2736 448 2799 dominus
456 2740 548 2814 Papa
557 2735 925 2814 ingrediturecclesiam
1019 2739 1058 2801 R.
1081 2737 1176 2800 Volo.

125 2831 213 2895 beati
223 2833 324 2905 Petri,
333 2833 466 2896 clericis
474 2835 623 2912 ejusdem
632 2833 783 2898 ecclesiae
791 2834 926 2897 cantan-
1016 2835 1057 2898 Et
1082 2834 1171 2898 dicat
1191 2835 1344 2899 dominus
1369 2839 1489 2915 Papa:
1512 2839 1591 2900 Haec
1612 2838 1724 2899 omnia
1744 2838 1777 2899 et

128 2930 215 2993 tibus
233 2932 505 3009 responsorium:
520 2932 640 3006 Petne,
655 2947 756 2994 omos
772 2947 839 2995 me.
851 2935 923 3005 Quo
977 2932 1099 2996 coetera
1118 2931 1205 2996 bona
1228 2933 1354 2997 tribuat
1374 2934 1435 2997 tibi
1456 2935 1627 3008 Dominus,
1646 2936 1680 2997 et
1699 2950 1778 2996 cus-

127 3027 299 3105 completo,
323 3028 477 3090 dominus
491 3032 583 3106 Papa
603 3029 780 3093 benedicit.
797 3029 923 3093 Deinde
976 3030 1081 3094 todiet
1104 3031 1138 3094 te
1163 3033 1262 3110 atque
1285 3031 1479 3094 corroboret
1500 3031 1536 3092 in
1559 3032 1650 3093 omni
1676 3030 1774 3094 bono.

127 3126 263 3188 sedetin
273 3125 424 3188 sedesibi
434 3127 668 3205 praeparatain
680 3126 819 3190 dextera
829 3129 923 3204 parte
976 3128 1017 3191 Et
1029 3128 1230 3205 respondent
1244 3143 1359 3190 omnes
1376 3149 1384 3188 ι
1400 3131 1516 3190 Amen.

127 3224 274 3301 ejusdem
284 3224 377 3286 rotae.
387 3223 555 3303 compieta
565 3224 716 3288 oratione
723 3223 924 3286 albanensis
1017 3225 1080 3286 int.
1101 3224 1215 3286 Credis
1226 3223 1407 3286 secundum
1420 3223 1675 3300 intelligentiam
1685 3225 1776 3286 tuam

129 3321 294 3400 episcopi,
324 3321 512 3400 ingreditur
544 3322 677 3385 Electus
704 3322 738 3386 et
767 3320 862 3383 sedet
887 3320 924 3382 in
976 3322 1010 3383 et
1030 3320 1249 3399 capacitatem
1273 3336 1392 3381 sensus
1414 3319 1464 3383 tui
1485 3321 1634 3383 sanctam
1660 3322 1776 3382 Trini-

129 3417 923 3497 predictasede,archipresbyterocardinalium,
976 3418 1088 3490 tatem,
1106 3418 1239 3479 Patrem
1258 3418 1292 3480 et
1305 3416 1427 3478 Eilium
1446 3417 1480 3480 et
1497 3416 1656 3495 Spiritum
1672 3420 1778 3480 Sano-

129 3517 159 3578 et
175 3516 412 3579 archidiacono
433 3515 612 3578 hincinde
633 3531 709 3578 eum
730 3513 925 3577 deducenti·
976 3514 1057 3587 tum,
1074 3529 1177 3575 unum
1196 3516 1300 3576 Deum
1317 3514 1587 3592 omnipotentem,
1607 3515 1776 3595 totamque

128 3609 195 3684 bus,
217 3613 254 3675 et
272 3612 371 3690 juxta
399 3627 475 3674 eum
500 3609 704 3687 sedentibus,
725 3612 762 3673 ut
785 3608 926 3672 doceant
976 3611 1012 3673 in
1028 3610 1191 3674 Trinitate
1211 3610 1379 3685 deitatem,
1403 3613 1667 3688 coessentialem,
1688 3630 1777 3677 coae·

128 3709 269 3786 qualiter
291 3709 410 3772 debeat
431 3707 566 3772 domino
584 3710 685 3787 Papae
703 3708 740 3770 in
761 3706 923 3771 scrutinio
975 3709 1119 3782 ternum,
1140 3709 1451 3787 coomnipotentem,
1471 3710 1637 3790 uniusque
1655 3710 1776 3776 volun-

128 3807 338 3885 respondere.
372 3806 533 3870 Dominus
566 3809 658 3884 Papa
687 3805 768 3868 iacit
797 3804 922 3867 scruti·
974 3807 1065 3880 tatis,
1079 3807 1252 3886 potestatis
1262 3807 1295 3871 et
1305 3808 1501 3886 majestatis,
1513 3810 1696 3873 creatorem
1708 3825 1776 3873 om·

129 3903 214 3967 nium
240 3905 282 3966 in
311 3904 400 3966 bunc
425 3903 576 3977 modum,
607 3903 732 3982 septem
758 3901 922 3982 episcopis
975 3903 1068 3967 nium
1087 3906 1327 3978 creaturarum,
1345 3920 1366 3967 a
1385 3922 1450 3984 quo
1469 3906 1582 3968 omnia
1603 3908 1637 3969 et
1658 3907 1694 3967 in
1709 3923 1774 3985 quo

129 4001 315 4065 sedentibus
334 4002 376 4064 ad
391 4001 561 4064 dexteram
578 4003 651 4081 ejus
669 4000 851 4065 secundum
866 4016 923 4063 or-
975 4001 1087 4065 omnia
1102 4019 1176 4080 quae
1191 4002 1268 4066 sunt
1284 4004 1319 4065 in
1334 4003 1417 4066 coelo
1432 4005 1465 4067 et
1476 4005 1512 4066 in
1524 4005 1614 4066 terra
1626 4002 1773 4067 visibilia

128 4097 232 4162 dinem
266 4114 383 4176 suum3
415 4098 563 4177 episcopi
592 4098 754 4163 teutonici
786 4097 923 4162 sedeant
974 4101 1008 4163 et
1021 4099 1226 4162 invisibiliat

129 4195 168 4257 ad
190 4197 364 4260 dexteram
385 4196 506 4270 Electi,
531 4195 725 4259 cardinales
744 4197 779 4259 et
807 4196 922 4259 coeteri
1015 4200 1054 4260 R.
1076 4196 1242 4270 assentio,
1259 4197 1354 4260 etita
1372 4198 1482 4259 credo.

130 4293 259 4358 ordines
285 4293 435 4356 ecclesiae
465 4293 613 4356 sedeant
642 4293 802 4356 Dominus
830 4297 922 4372 Papa
1015 4294 1077 4357 Int.
1100 4292 1214 4356 Credis
1238 4293 1404 4371 singulam
1422 4295 1638 4372 quamquain
1657 4299 1773 4361 sancta

130 4389 226 4455 dicit:
974 4390 1135 4453 Trinitate
1149 4387 1327 4469 personam
1342 4406 1445 4452 unum
1459 4393 1564 4453 Deum
1576 4406 1692 4454 verum
1707 4393 1774 4472 ple

165 4490 336 4570 «Antiqua
348 4490 539 4554 sanctorum
549 4490 681 4568 patrum
692 4488 857 4553 institutio
867 4488 923 4552 do·
974 4490 1099 4551 numet
1113 4486 1316 4566 perlectumt

132 4587 217 4651 estet
225 4588 379 4667 praecipit
388 4588 424 4652 ut
432 4587 582 4666 quisquis
592 4587 922 4665 eligiturutpraeesse
1015 4588 1055 4649 R.
1078 4585 1194 4647 Credo.

133 4681 260 4759 debeat,
297 4685 553 4763 diligentissime
595 4685 807 4748 examinetur
846 4700 921 4747 eum
1013 4684 1076 4747 lnt
1098 4682 1214 4745 Credis
1227 4682 1337 4761 ipsum
1352 4682 1412 4744 Dei
1428 4681 1534 4744 illium
1552 4683 1697 4747 Verbum
1711 4689 1771 4749 Dei

132 4784 215 4845 omni
236 4783 377 4847 cantate
398 4782 439 4845 de
457 4783 659 4847 ddesanctee
679 4782 863 4857 Trinitatis,
889 4782 923 4847 et
974 4781 1177 4846 aeternaliter
1200 4780 1314 4843 natum
1343 4780 1384 4843 de
1409 4782 1524 4853 Patre,
1552 4783 1774 4849 consubstan-

133 4874 348 4957 interrogetur
361 4879 403 4943 de
418 4879 561 4943 diuersis
580 4880 691 4944 causis
705 4880 759 4943 vel
773 4878 921 4942 moribus
973 4879 1098 4953 tialem,
1118 4879 1417 4958 coomnipotentem
1438 4879 1471 4941 et
1493 4882 1696 4960 coaequalem
1714 4900 1774 4962 per

133 4976 184 5051 qui
216 4994 276 5041 suo
316 4977 474 5055 regimini
501 4978 703 5055 congruunt,
739 4977 920 5041 secundum
974 4978 1086 5040 omnia
1101 4977 1194 5039 Patri
1214 4977 1249 5039 et
1267 4974 1454 5045 divinitate,
1469 4979 1698 5056 temporaliter
1711 4998 1774 5044 na-

133 5074 349 5149 llpostolicum
367 5075 492 5139 dictum
511 5096 520 5136 z
539 5076 687 5138 Manum
703 5077 772 5139 etto
789 5078 922 5140 nemini
973 5078 1043 5139 tum
1076 5075 1117 5139 de
1141 5075 1268 5154 Spiritu
1296 5075 1411 5138 sancto
1439 5091 1483 5138 ex
1509 5077 1617 5139 Maria
1643 5094 1773 5156 semper

134 5171 348 5246 imposueris:
367 5175 402 5237 et
418 5174 455 5237 ut
472 5174 573 5237 etiam
589 5173 699 5252 isqui
718 5173 921 5238 ordinandus
974 5174 1215 5251 vaginarum
1232 5172 1345 5236 anima
1359 5174 1528 5247 rationali,
1546 5173 1629 5236 duas
1644 5174 1773 5238 baben·

136 5267 189 5339 est,
212 5271 309 5334 antea
337 5270 520 5345 erudiatur,
548 5271 692 5349 qualiter
718 5286 795 5334 eum
819 5273 856 5335 in
880 5289 921 5336 ea
973 5273 1040 5335 tem
1059 5271 1266 5343 nativitates,
1292 5287 1392 5333 unam
1416 5287 1459 5333 ex
1477 5273 1571 5349 patre
1595 5273 1769 5346 aeternam,

135 5366 318 5440 prelatione
330 5370 703 5448 coustitutumoporteat
714 5370 918 5445 conversari,
974 5371 1113 5433 alteram
1135 5385 1178 5431 ex
1201 5369 1308 5432 matre
1333 5369 1564 5447 temporalem,
1588 5371 1691 5431 Deum
1714 5386 1773 5432 ve-

136 5463 168 5523 ut
180 5466 383 5530 excusabiles
398 5466 464 5531 sint
478 5468 535 5546 qui
549 5467 581 5530 ei
602 5483 722 5528 manus
733 5468 919 5544 imponunt.
973 5484 1047 5530 rum
1061 5469 1095 5532 et
1108 5467 1277 5530 hominem
1293 5482 1421 5538 rerum,
1437 5465 1607 5543 proprium
1624 5466 1659 5526 in
1674 5467 1771 5530 utra-

136 5558 248 5625 Eadem
261 5565 373 5644 itaque
388 5565 585 5628 auctoritate
598 5566 632 5629 et
645 5565 922 5645 praeceptointer·
974 5582 1038 5645 que
1069 5565 1190 5627 natura
1217 5565 1317 5642 atque
1346 5561 1542 5640 perlectum,
1574 5577 1641 5624 non
1668 5564 1773 5645 adop-

137 5669 280 5733 rogamus
288 5664 331 5736 te,
343 5662 557 5726 dilectissime
570 5663 628 5737 dli,
641 5662 781 5726 caritate
789 5664 920 5729 sincera
973 5664 1079 5726 tivum
1091 5677 1197 5740 neque
1209 5660 1466 5739 phantasticum,
1481 5658 1614 5721 unicum
1625 5665 1659 5723 et
1670 5680 1772 5726 unum
