3980 6198
912 266 1089 333 HONORII
1111 267 1157 334 111
1178 272 1325 337 OPERA.

348 516 478 589 Abbati,
493 520 527 581 ct
549 521 738 583 conventui
755 526 961 591 monasterti

537 625 718 708 bolensis(
740 627 764 708 ).

545 803 681 864 CAPUT
706 804 761 865 VI.

294 948 374 1009 cnm
389 949 468 1011 olim
481 967 581 1030 super
599 954 758 1030 petitione
770 956 989 1032 proventuum
1002 970 1053 1019 ec·

254 1045 432 1109 clesiarum
452 1049 623 1127 inquibus
646 1054 793 1114 vestrum
814 1054 1051 1117 monasterium

250 1144 307 1218 jus
329 1143 455 1208 obtinet
479 1147 641 1221 iacienda,
662 1150 752 1211 inter
771 1151 915 1223 Priores,
941 1152 974 1213 et
995 1166 1054 1213 ca-

255 1239 405 1316 pellanos
431 1244 599 1321 ipsarum,
625 1247 842 1309 Bituricensis
877 1247 1050 1322 dioecesis,

255 1339 395 1413 quaestio
417 1356 530 1403 coram
546 1342 653 1405 felicis
672 1346 841 1406 memoriae
860 1347 1053 1407 Innocentio

252 1428 356 1513 Papa,
381 1440 624 1513 praedecessore
642 1443 765 1515 nostro,
789 1442 908 1505 fuisset
928 1443 1052 1505 diutius

254 1533 438 1609 exagitata3
457 1536 590 1597 tandem
605 1538 676 1615 ipse
690 1540 881 1616 hujusmodi
896 1541 1054 1618 quaestio-

253 1642 330 1689 nem
348 1632 480 1707 sopiens
497 1636 699 1711 providendo
717 1637 959 1710 determinavit,
974 1638 1052 1716 quid

254 1727 394 1802 priores,
408 1731 528 1806 quidve
547 1733 755 1809 perciperent
772 1734 953 1811 Capeliani,
968 1737 1054 1797 sicut

216 1854 224 1865 -
254 1822 291 1882 in
303 1827 375 1900 ejus
397 1825 517 1889 litteris
537 1828 634 1890 sactis
657 1846 756 1906 super
775 1832 965 1907 provisione
989 1833 1054 1893 hu-

251 1921 397 1996 jusmodi
413 1925 583 1987 evidenter
597 1929 744 2004 apparet.
769 1928 832 1988 Sed
846 1930 979 2006 quidam
996 1933 1054 1991 Ca·

255 2016 381 2092 pellani
393 2022 609 2084 ecclesiarum
623 2024 781 2100 ipsarum,
802 2028 975 2088 occasione
991 2029 1054 2089 sta·

254 2112 317 2175 tuti
350 2118 489 2178 concilii
521 2121 708 2194 generalis,
739 2138 804 2199 quo
842 2122 972 2196 dicitur,
1018 2126 1055 2185 ut

254 2212 400 2285 provisio
423 2230 569 2290 congrua
590 2233 650 2293 per
679 2219 920 2294 parochialium
947 2221 1055 2283 eccle-

259 2307 385 2369 siarum
406 2312 626 2389 presbyteros,
653 2331 720 2377 non
745 2315 897 2379 obstante
922 2318 1053 2396 patroni

257 2408 497 2470 consuetudine
512 2412 712 2486 assignetur,
727 2415 951 2489 provisionem
968 2432 1054 2477 eam·

256 2500 341 2575 dem,
366 2504 453 2567 sicut
473 2508 635 2581 asseritis,
659 2508 842 2586 intringere
860 2512 1051 2574 moliuntur.

257 2601 363 2671 Quum
397 2619 476 2679 ergo
509 2606 658 2680 generali
682 2606 804 2668 statuto
829 2625 895 2670 non
918 2609 1054 2671 tollatur

256 2699 402 2773 provisio
411 2701 577 2775 specialis,
593 2719 653 2763 nos
667 2703 706 2764 de
722 2720 887 2766 consensu
899 2709 1052 2769 Fratrum

256 2794 444 2854 nostrorum
457 2797 680 2872 provisionem
688 2801 760 2875 jam
772 2800 893 2862 dictam
911 2804 1053 2865 auctori·

302 2992 345 3080 (a)
365 2998 477 3067 Abbati,
499 3004 525 3057 ct
548 3004 695 3059 concentui
718 3005 842 3063 Dotcnat'.
860 3008 992 3075 Delapsa,
1007 3009 1053 3065 vel

256 3066 462 3138 Burgtdolense
476 3072 588 3129 celebre
604 3075 807 3132 Monasterium
822 3076 954 3135 dioecesis
974 3081 1050 3136 ilitu-

256 3136 386 3208 riccnsis,
397 3140 504 3198 ordinis
521 3145 611 3199 sancti
632 3144 777 3202 Benedicti
791 3146 826 3203 ad
842 3150 990 3220 degerim,
1008 3150 1051 3206 vel

256 3207 383 3277 ladrum,
396 3212 484 3284 vulgo
496 3214 660 3281 Bourdcots,
675 3216 729 3283 vel,
743 3218 823 3273 Boor
841 3219 935 3287 dmum,
952 3218 1051 3276 lunda-

255 3281 316 3334 tum
338 3279 374 3336 ab
389 3281 505 3339 Ebbone
520 3284 572 3340 sub
586 3287 686 3342 darolo
708 3287 845 3359 Simplici.
866 3292 973 3346 Auctor
985 3292 1052 3347 vitae

256 3351 347 3406 sancti
370 3352 472 3409 Genull
485 3370 545 3424 cap.
571 3357 597 3424 7,
619 3357 666 3412 tib.
683 3358 711 3427 t,
728 3358 757 3413 in
781 3357 911 3415 Bibliotb.
930 3361 1050 3417 Florian.

257 3420 317 3483 lvo,
331 3422 422 3491 Epist.
439 3426 482 3481 78.

292 3493 333 3546 De
358 3494 425 3549 iure
455 3503 621 3567 patronatus
646 3499 832 3557 ecclesiarum
863 3502 1050 3573 quarumdam

256 3558 389 3619 dioecesis
400 3564 582 3622 bituricensis
600 3568 634 3624 lis
643 3567 694 3624 diu
704 3571 847 3642 exagitata
860 3575 932 3628 inter
942 3575 1051 3644 priores

255 3631 463 3704 etGapellanos
485 3638 546 3693 sive
568 3638 712 3705 Hectores,
730 3654 801 3710 quos
820 3642 978 3698 Sacerdotes
992 3644 1047 3697 Pu-

256 3702 485 3761 roclttatesrocat
497 3708 680 3765 innocentius
690 3711 741 3777 Ili,
752 3710 779 3764 in
788 3724 850 3778 cop.
861 3713 1051 3781 exstirpanda

256 3770 300 3835 30,
318 3772 564 3843 dtProebcmi.,ao
587 3777 719 3834 abbatem
743 3787 771 3835 at
796 3791 968 3839 conventum
991 3786 1047 3839 Do·

255 3841 365 3899 lensem
391 3859 487 3901 coram
511 3845 586 3902 dioto
605 3849 772 3905 innocentio
787 3847 847 3917 luit,
864 3860 895 3908 ut
909 3853 971 3924 ipse
990 3855 1047 3911 Ho-

256 3913 355 3969 norius
386 3922 487 3970 notat:
517 3916 703 3974 ecclesiarum
739 3934 843 3992 nempe
865 3925 956 3980 sancti
974 3924 1047 3980 Ger·

256 3984 345 4051 mani,
369 3991 397 4040 et
430 3985 526 4041 llariae
552 3988 651 4044 Parvae
670 3990 698 4045 in
715 3991 810 4064 Burgo
827 3993 951 4057 [tolensi.
969 3993 1049 4066 juxta

255 4053 400 4110 civitatem
413 4056 629 4126 bituricensem,
643 4061 671 4115 in
685 4061 786 4132 quibus
801 4064 1049 4133 praesentationem

254 4124 465 4195 capellanorum
503 4129 644 4199 pertinere
673 4132 826 4203 respondet
855 4135 1047 4203 Innocentius,

222 4216 225 4221 ·
255 4193 347 4262 Epist.
365 4196 426 4263 lat,
443 4197 489 4253 tib.
511 4199 537 4254 3.
559 4200 618 4256 Neo
632 4201 723 4258 solum
738 4205 882 4261 contentio
897 4214 957 4262 erat
976 4206 1049 4263 iuter

256 4263 387 4321 abbatom
401 4274 428 4323 et
441 4276 612 4327 conventum
625 4286 660 4329 ex
671 4281 752 4356 parte
765 4290 830 4339 una,
844 4283 872 4332 et
885 4278 1008 4349 priorem
1020 4284 1050 4333 et

254 4335 418 4462 capellanos
432 4353 467 4395 ax
480 4341 533 4397 alia
541 4357 553 4406 ;
568 4341 619 4398 sed
640 4351 726 4402 ettam
741 4347 814 4402 inter
832 4347 941 4418 priores
956 4354 984 4403 ct
998 4362 1046 4404 aa·

255 4420 291 4478 pe
302 4408 393 4477 lanos,
409 4418 523 4482 propter
536 4413 719 4471 ecclesiarum
737 4418 910 4489 temporales
925 4432 1044 4490 proven·

254 4483 309 4546 tus,
326 4485 354 4535 ct
368 4494 524 4553 congruam
542 4485 711 4555 portionem,
728 4502 778 4558 pro
794 4487 896 4559 quibus
911 4488 987 4560 prior
1000 4503 1047 4546 oo

254 4560 315 4605 ram
353 4550 472 4619 abbate,
508 4556 673 4626 capellanus
705 4572 801 4614 coram
832 4559 1048 4631 archiepiscopo

253 4621 445 4691 respondebit,
460 4630 491 4679 ut
504 4624 534 4679 in
549 4625 623 4682 dicta
652 4629 771 4699 epistola
794 4629 964 4688 continetur.
987 4632 1048 4687 Noc

253 4694 349 4746 tamen
365 4692 417 4748 sub
442 4696 607 4752 innocentio
621 4695 657 4751 lis
675 4698 793 4754 omnino
815 4699 910 4757 decisa
936 4699 1045 4758 iuerat:

253 4761 358 4831 quippe
372 4763 523 4834 capellani,
540 4779 590 4821 seu
606 4766 763 4840 presbytcri
783 4777 897 4840 propter
911 4772 1048 4842 exiguam

253 4831 413 4956 {ortionem
437 4835 697 4905 conquerebantur,
721 4837 835 4895 favente
859 4841 901 4896 eis
926 4842 1047 4898 concilio

277 4904 439 4959 ateranensi
459 4903 512 4960 sub
533 4906 635 4963 eodem
659 4909 835 4978 innocentio,
852 4911 922 4967 Coa.
938 4912 983 4980 32,
999 4913 1047 4984 qui

252 4969 372 5028 retertur
396 4974 518 5031 indicto
543 4991 605 5047 cap.
632 4979 829 5047 abstirpanda.
857 4983 892 5037 lit
915 4980 1046 5039 hieratio

253 5041 407 5114 singularis
424 5053 521 5102 contra
537 5047 700 5119 capellanos
715 5049 840 5118 atlertur,
857 5066 961 5123 nempe
975 5068 1043 5109 con·

252 5112 410 5171 suetudinis
422 5123 520 5173 contra
541 5116 583 5173 'us
598 5115 743 5189 genaiale,
761 5121 835 5193 quod
850 5123 967 5193 speciali
988 5139 1045 5180 non

251 5182 392 5256 derogare
423 5132 586 5258 respondet,
612 5191 641 5243 in
664 5187 770 5248 favoris
795 5192 949 5265 singularis
975 5208 1045 5266 erga

251 5255 374 5312 Dolensc
389 5258 590 5314 Mortasterium
607 5260 819 5332 testimonium
835 5263 909 5333 quod
926 5264 1046 5337 vulgare

251 5339 308 5382 non
331 5335 374 5383 cst
389 5345 395 5383 :
413 5328 536 5384 maxime
551 5330 626 5400 quia,
645 5331 892 5399 indiscretas,
910 5336 1046 5391 innocen·

251 5396 1044 5462 tiusomnsmconsuetudinemcontrariamcoudemnat.

252 5467 299 5525 Sia
319 5467 374 5524 boc
396 5472 599 5527 monasterium
616 5474 730 5545 magnis
745 5474 902 5548 privilegiis
925 5474 1044 5533 ditatum

251 5538 381 5594 videmus
396 5538 431 5595 ab
446 5538 547 5597 codem
560 5543 736 5613 innocentio,
753 5545 843 5614 bptst.
861 5545 909 5601 ΙΙΙ
923 5547 1045 5617 ejusdcm

252 5609 317 5665 libr.
332 5622 396 5680 quat
417 5624 474 5666 non
489 5620 641 5671 censentur
665 5613 802 5689 abrogata
818 5617 976 5689 perlegam
996 5632 1044 5690 ge-

1847 276 1906 340 12⁰

1105 449 1173 513 tate
1184 452 1374 529 Apostouca
1387 450 1594 526 roborantes,
1616 455 1804 522 districtius
1822 461 1905 523 inbi-

1105 546 1231 620 bemus,
1252 551 1383 627 nequis
1402 549 1452 612 illi
1464 553 1639 615 occasione
1654 557 1819 631 praedicta
1831 575 1904 623 con·

1106 644 1156 706 tra
1171 647 1222 707 ire
1234 648 1425 723 praesumat.

1184 821 1365 894 Potestatt,
1382 824 1416 883 et
1426 829 1550 897 populo
1563 827 1744 889 Paestano.
1769 826 1823 909 (a)

1384 972 1520 1035 CAPUT
1550 975 1621 1036 VII.

1147 1138 1239 1201 Sicut
1250 1142 1301 1205 est
1311 1142 1448 1207 auribus
1465 1145 1664 1223 intimatum,
1678 1150 1800 1228 primo,
1815 1170 1902 1218 reve-

1105 1236 1213 1298 rentia
1234 1238 1422 1304 divinarum
1443 1243 1476 1306 et
1496 1244 1718 1310 humanarum
1746 1253 1902 1315 constitu·

1105 1333 1232 1397 tionum
1253 1339 1441 1413 posthabita
1462 1343 1618 1417 statuitis,
1641 1362 1684 1407 ne
1708 1349 1785 1425 quis
1804 1366 1902 1427 super

1107 1429 1243 1494 decimis
1264 1437 1463 1513 respoudeat
1474 1456 1585 1503 coram
1598 1442 1770 1519 judicibus
1784 1462 1805 1506 a
1819 1447 1902 1507 Sede

1106 1529 1295 1605 Apostolica
1307 1533 1481 1611 delegatis3
1500 1554 1539 1599 ac
1552 1539 1695 1612 demum,
1710 1543 1790 1618 quia
1803 1560 1902 1620 super

1105 1624 1266 1689 talentum
1279 1630 1403 1707 plumbi
1415 1634 1533 1695 sedens
1545 1635 1704 1713 iniquitas
1717 1656 1851 1716 semper
1862 1641 1900 1702 de

1107 1723 1194 1786 malo
1206 1727 1241 1786 in
1262 1716 1407 1790 deterius
1429 1733 1563 1804 corruit,
1584 1734 1766 1811 adjecistis,
1781 1740 1819 1798 ut
1837 1739 1899 1798 nisi

1108 1822 1717 1905 episcopusetcleruscivitatisvestrae,
1725 1834 1815 1894 intra
1828 1851 1904 1911 qua·

1108 1918 1259 1996 draginta
1274 1923 1355 1996 dies,
1370 1927 1543 2003 postquam
1561 1927 1590 1988 is
1613 1946 1708 2005 quem
1728 1932 1904 2006 contigerit

1108 2016 1143 2077 in
1157 2019 1303 2080 vestrum
1315 2021 1476 2083 rectorem
1491 2026 1629 2096 assumi,
1638 2028 1787 2102 regimen
1801 2030 1904 2105 ipsius

1108 2114 1252 2177 civitatis
1269 2119 1444 2194 juraverit,
1472 2136 1508 2182 se
1533 2123 1653 2184 vestris
1685 2123 1907 2200 obligaverint

1108 2214 1305 2287 constitutis,
1319 2217 1451 2277 extunc
1463 2218 1512 2279 eis
1524 2219 1597 2295 ipsa
1610 2220 1732 2282 statuta
1744 2238 1813 2284 non
1825 2239 1905 2300 pro-
1980 2306 1981 2311 ἵ

1108 2310 1184 2381 sint,
1199 2327 1260 2373 nec
1273 2327 1329 2372 eos
1341 2312 1451 2374 banna
1465 2314 1597 2391 publica
1609 2317 1767 2379 tueantur
1781 2341 1789 2380 ε
1805 2335 1908 2382 exco-

1107 2405 1210 2481 gitata
1225 2406 1352 2468 malitia
1371 2407 1405 2468 id
1423 2424 1524 2485 agere
1544 2411 1745 2487 satagentes,
1773 2414 1810 2475 ut
1830 2416 1859 2476 si
1872 2432 1907 2477 se

1109 2502 1239 2565 statutis
1263 2504 1452 2581 hujusmodi
1480 2507 1702 2582 alligaverint,
1729 2511 1911 2573 ecclesias-

1107 2600 1182 2660 ticae
1207 2600 1371 2663 libertatis
1401 2604 1565 2679 expertes,
1582 2604 1722 2682 publicis
1749 2609 1907 2671 oneribus

1108 2698 1337 2774 mancipentur
1348 2700 1384 2759 ut
1396 2699 1494 2775 laici;
1515 2701 1545 2761 si
1557 2717 1636 2764 vero
1648 2719 1684 2764 se
1702 2703 1772 2765 illis
1787 2707 1908 2768 nolue-

1108 2794 1175 2855 rint
1196 2794 1354 2871 obligare,
1375 2797 1509 2872 pateant
1525 2799 1672 2875 periculo
1685 2817 1906 2878 personarum

1108 2993 1245 3063 natalem,
1258 3009 1318 3065 cap.
1340 3010 1416 3066 sarie,
1437 2996 1470 3053 tta
1488 2997 1631 3069 prtctlep,
1654 3000 1718 3072 quia
1739 3008 1839 3058 tamen
1861 3003 1907 3059 ali·

1108 3073 1247 3135 quatenus
1260 3066 1397 3123 damnosa
1411 3067 1553 3125 videntur.
1570 3071 1756 3143 llaymundus
1768 3070 1824 3129 hoc
1839 3087 1903 3147 cap.

1108 3136 1136 3191 iu
1152 3150 1202 3191 sua
1218 3137 1419 3208 compilatione
1434 3140 1540 3197 omisit.

1143 3205 1183 3277 (o)
1192 3207 1341 3275 Potentem,
1357 3212 1382 3263 ct
1395 3211 1499 3279 populo
1511 3211 1657 3269 Podncno.
1673 3214 1821 3286 Pleraque
1841 3216 1907 3272 civr-

1107 3282 1179 3332 tates
1200 3278 1299 3345 ltaliae,
1313 3293 1435 3336 excusso
1456 3282 1571 3352 imperii
1590 3282 1673 3355 jugo,
1686 3285 1754 3341 sibit
1769 3287 1860 3342 daces
1878 3294 1905 3342 et

1107 3355 1242 3417 praetores
1256 3350 1471 3411 constituerant,
1489 3367 1559 3422 quos
1571 3354 1686 3421 podestd
1702 3356 1802 3412 italico
1819 3356 1905 3412 verbo

1106 3418 1256 3483 vocabant,
1273 3419 1346 3474 inter
1361 3435 1433 3490 quas
1446 3420 1496 3476 luit
1510 3423 1670 3480 Patavium.
1687 3424 1757 3481 lude
1770 3425 1906 3552 frequens

1106 3489 1212 3544 mentio
1228 3489 1302 3560 apud
1318 3499 1448 3546 auctores
1467 3492 1543 3547 illius
1563 3494 1662 3561 seculi,
1676 3502 1707 3551 ut
1725 3496 1805 3566 apud
1832 3511 1902 3571 nno·

1105 3558 1229 3615 centium
1245 3562 1295 3617 ΙΙΙ.
1307 3568 1336 3616 ct
1348 3562 1522 3618 Clementem
1537 3564 1583 3619 IV.
1600 3565 1680 3621 Hanc
1695 3580 1797 3621 vocem
1809 3568 1903 3623 Greci

1106 3631 1278 3687 recentiores
1292 3630 1346 3686 sibi
1360 3633 1503 3703 propriam
1516 3631 1651 3690 iecerunt.
1675 3637 1835 3708 Gregoras‚
1853 3638 1901 3694 ab,

1105 3701 1131 3767 5,
1155 3715 1215 3769 cop.
1241 3702 1269 3757 7.
1295 3700 1472 3770 Cotinussa
1491 3703 1565 3775 oste.
1591 3705 1663 3760 outa
1683 3706 1903 3778 Constantinop.

1104 3771 1286 3841 Curopalates
1312 3779 1398 3828 vocat
1424 3784 1576 3838 ποτιστάτος
1592 3785 1753 3851 repositas,
1781 3779 1905 3834 Potestas

1105 3842 1300 3898 staminium.
1316 3843 1503 3914 Magistratus
1518 3842 1574 3910 bic,
1592 3845 1638 3914 qui
1654 3846 1717 3902 altis
1734 3848 1852 3916 dotant
1874 3855 1906 3905 ut

1105 3912 1216 3967 Pisanis
1253 3914 1429 3982 nominatur,
1456 3914 1614 3972 alienatis
1640 3925 1766 3984 Ιυπάῑλος,
1797 3918 1905 3988 idest,

1104 3987 1229 4049 carator,
1265 3989 1295 4039 ut
1327 3990 1407 4040 notat
1439 3984 1515 4041 idem
1548 3985 1690 4056 Gregoras
1715 3987 1764 4043 ttb.
1800 3989 1829 4058 b,
1853 4003 1906 4046 vo·

1104 4060 1184 4109 catur
1205 4053 1332 4122 Podcstd,
1349 4069 1383 4110 eo
1403 4053 1479 4126 quod
1498 4069 1611 4112 summa
1633 4055 1793 4127 iurisdictio
1814 4073 1903 4131 penes

1104 4122 1180 4179 bunc
1193 4122 1228 4180 sit
1249 4126 1410 4182 constituta.
1433 4125 1558 4182 Sumitur
1573 4132 1602 4181 et
1616 4140 1667 4197 pro
1686 4127 1767 4183 omui
1791 4131 1902 4212 magis·

1105 4201 1178 4250 tratu
1203 4194 1326 4285 publico,
1349 4209 1434 4267 quem
1457 4196 1623 4252 Potestatcm
1649 4212 1789 4253 summam
1814 4208 1903 4257 ettam

1104 4272 1186 4321 vocat
1201 4266 1351 4323 Salvianus
1366 4267 1413 4323 tib.
1429 4267 1447 4322 5
1456 4280 1465 4336 3
1488 4266 1654 4322 Potastatcm
1668 4273 1821 4337 terrenam,
1838 4287 1901 4329 cas.

1103 4335 1301 4404 coamantibus,
1318 4343 1346 4393 et
1359 4338 1429 4392 Coa.
1446 4351 1632 4407 muanam113
1647 4354 1672 4408 q.
1688 4352 1707 4395 r.
1723 4340 1901 4410 doctiorem

1103 4406 1207 4474 solatii,
1221 4420 1283 4463 can.
1307 4407 1332 4462 rt
1350 4407 1413 4477 quis
1434 4408 1629 4477 ectrotribus,
1648 4409 1710 4464 aad.
1725 4410 1772 4466 Sic
1786 4425 1901 4484 quoque

1104 4476 1195 4533 lorum
1210 4478 1338 4534 seculare
1360 4478 1445 4533 unico
1465 4480 1592 4546 nomine,
1609 4479 1806 4561 curtavulgo
1821 4481 1898 4540 diee-

1102 4547 1193 4617 batur,
1206 4563 1269 4604 can.
1280 4550 1306 4603 st
1317 4549 1381 4619 qaia
1394 4549 1582 4616 sacerdotum,
1595 4555 1623 4604 et
1636 4563 1753 4620 passim,
1769 4553 1833 4609 aad.

1138 4618 1281 4675 Honorius
1295 4618 1477 4690 conqueritur
1487 4620 1515 4674 iu
1532 4617 1587 4675 boc
1600 4633 1665 4691 cap.
1682 4621 1758 4691 quod
1774 4620 1811 4677 ad
1823 4624 1898 4696 regi·

1103 4704 1169 4745 men
1191 4687 1325 4758 civitatis,
1340 4688 1495 4761 quemdam
1518 4688 1660 4746 baereticae
1681 4691 1900 4762 pravitatissus·

1121 4767 1214 4815 ectum
1225 4761 1440 4832 assumpserint,
1452 4766 1480 4815 et
1494 4759 1549 4816 illis
1563 4759 1697 4841 injungit,
1711 4768 1743 4817 ut
1760 4769 1899 4821 statutum

1102 4774 1199 4886 girino
1214 4837 1243 4886 et
1257 4829 1386 4887 humano
1401 4830 1459 4902 iuri
1473 4838 1648 4887 contrarium
1660 4846 1677 4887 e
1691 4832 1905 4904 capimlaribus

1102 4901 1201 4957 tollere
1213 4898 1285 4957 iutra
1298 4901 1459 4973 quindecim
1473 4899 1535 4957 dies
1548 4908 1699 4972 procurent
1722 4917 1729 4956 :
1746 4913 1900 4975 suspectus
1980 4978 1981 4981 Ἴ

1101 4979 1162 5028 erat
1188 4970 1341 5028 admodum
1385 4972 1487 5043 opulus
1508 4972 1662 5028 Patavinus
1676 4972 1815 5031 Ecclesiae
1840 4977 1895 5033 lto·
1980 4984 1981 5039 l

1101 5057 1195 5099 manae
1208 5041 1245 5098 ob
1259 5042 1347 5100 multa
1362 4987 1503 5098 beneficia
1528 5041 1631 5113 quibus
1644 5056 1676 5098 se
1691 5042 1839 5126 Friderico
1859 5048 1897 5104 11.
1980 5048 1981 5059 ¹

1100 5114 1264 5169 devinctum
1279 5128 1343 5170 esse
1357 5111 1546 5169 existimabat
1569 5114 1702 5184 Namque
1722 5113 1780 5170 rllm
1801 5131 1896 5189 impe·

1100 5191 1176 5240 rator
1188 5184 1294 5240 diutius
1305 5183 1405 5240 sedem
1420 5184 1529 5250 fixerat,
1543 5191 1571 5239 et
1586 5183 1806 5241 constitutiones
1820 5189 1894 5245 mul·
1980 5186 1981 5207 ¹

1100 5265 1144 5314 tas
1162 5255 1269 5312 civitati
1288 5253 1423 5326 perutiles
1443 5252 1581 5323 ediderat,
1599 5261 1631 5310 ut
1644 5253 1800 5336 episcopus
1816 5258 1896 5340 Apa·
1980 5276 1981 5279 ¹

1100 5326 1217 5385 mionsis
1252 5326 1289 5380 aa
1316 5341 1384 5383 cart.
1409 5324 1561 5393 litator).
1576 5339 1597 5394 1,
1619 5331 1785 5395 annotaurt;
1806 5335 1897 5385 etiam

1099 5405 1197 5458 contra
1217 5370 1375 5464 haereticos,
1397 5402 1427 5450 nt
1450 5401 1561 5451 constat
1584 5409 1619 5451 ex
1640 5395 1732 5477 Epist,
1756 5397 1834 5454 Petri
1860 5399 1898 5457 de

1099 5471 1198 5530 Vineis
1211 5466 1255 5532 25,
1277 5465 1324 5522 tib.
1340 5481 1360 5522 r.
1377 5468 1438 5523 lmo
1459 5466 1574 5537 insigne
1593 5466 1779 5537 Gymnasium
1798 5469 1895 5526 Bono·

1098 5543 1199 5598 niense
1209 5537 1357 5594 Patavium
1368 5536 1558 5603 transtulerat,
1569 5535 1898 5606 eoquodssononienses

1099 5613 1134 5671 ad
1149 5607 1339 5667 obedientiam
1352 5606 1468 5664 Honorii
1489 5606 1689 5678 propensiores
1710 5615 1817 5667 essent.
1836 5611 1893 5668 Pa·
