3936 6182
85 306 150 375 577,
711 314 909 377 carausii
931 314 990 375 VII
1011 314 1120 376 VITA.
1677 315 1737 378 578

85 465 168 531 dere
181 470 643 553 66661166166666661,6666
657 473 886 537 fraudulenter
939 489 1042 552 super
1063 490 1099 537 se
1120 473 1221 537 nimis
1234 473 1413 549 extollens,
1429 474 1465 537 16
1485 474 1611 538 tantm
1626 474 1734 538 auda-

84 579 125 631 66
138 565 282 645 diligere
294 570 499 635 ostendebat.
515 574 601 636 Nam
616 572 672 634 ubi
692 576 886 636 Ravennam
940 573 1026 638 ciam
1035 575 1273 652 vesaniamque
1282 574 1443 653 prorupit,
1453 575 1490 638 ut
1499 574 1627 652 patrem
1638 590 1736 636 suum

86 660 233 740 devenit,
252 669 435 749 postposito
445 674 636 750 juramento
654 671 740 749 quod
755 672 791 733 16
806 687 887 734 con·
940 671 1136 747 Gregorium
1156 673 1292 748 Papam,
1307 672 1365 748 661
1380 670 1498 734 sedem
1511 671 1735 748 apostolicam

87 764 278 828 sacratione
308 782 369 829 sua
396 768 585 832 Alexandro
616 772 716 847 Papae
748 772 886 848 ejusque
939 785 1000 846 per
1013 767 1194 830 triennium
1217 766 1253 829 in
1276 784 1358 846 6666
1380 769 1541 840 16666661,
1558 768 1735 846 impiorum
1780 820 1782 825 ,

87 863 340 926 successoribus
354 863 488 939 iecerat,
509 883 584 929 curn
606 866 795 930 Theobaldo
810 869 885 929 Me·
940 866 1081 929 consilio
1098 865 1253 928 abdicare
1271 868 1493 945 6666666611,
1510 866 1597 930 6161
1618 868 1735 931 Eccle-

86 958 289 1034 diolanensi‚
302 961 888 1045 etaliiscervicosisepiscopisbom·
940 964 1001 1037 sia,
1019 965 1178 1042 quantum
1201 964 1237 1026 16
1256 980 1296 1027 eo
1319 963 1392 1034 suit,
1411 966 1579 1042 expellere
1600 981 1735 1044 operam

85 1056 216 1121 bardiae
224 1060 886 1142 conspiravit,atqueadversuspastorern
941 1063 974 1125 et
1001 1059 1560 1143 61611666666161166(1)16111.
1584 1065 1737 1127 Decrevit
1829 1060 1836 1079 ⁰

86 1171 187 1218 suum
218 1157 347 1221 occulte
377 1159 575 1223 seditionem
603 1161 763 1224 exercuit.
793 1161 887 1223 Unde
941 1162 1041 1223 etiam
1055 1161 1261 1239 firmiterque
1274 1161 1455 1234 coustituit,
1472 1162 1509 1224 ut
1522 1161 1634 1222 661166
1646 1162 1737 1224 dein·

85 1251 213 1317 iactum
236 1255 289 1318 est
310 1257 398 1334 quod
417 1256 596 1336 expeditio,
611 1276 709 1338 quam
732 1257 887 1322 Pontifex
941 1273 1018 1335 ceps
1045 1257 1236 1334 episcopus,
1263 1257 1316 1319 vel
1340 1256 1454 1330 abbas,
1483 1246 1542 1319 seu
1569 1257 1653 1330 dux,
1679 1257 1748 1319 aut

85 1366 148 1430 per
169 1352 287 1417 ducem
309 1354 513 1419 Gotisredum
533 1359 671 1436 ejusque
691 1372 830 1419 uxorem
844 1357 888 1417 11-
941 1355 1009 1417 6116
1030 1354 1225 1433 66166166116
1253 1370 1411 1434 persona,
1437 1355 1545 1418 eidem
1576 1356 1736 1433 Gregorio

85 1449 227 1513 lustrem
242 1453 447 1515 comitissam
461 1455 655 1518 Matbildam
679 1456 779 1534 atque
801 1455 887 1517 alios
940 1453 1099 1532 tanquam
1122 1456 1222 1532 Papae
1246 1453 1457 1532 aliquatenus
1482 1452 1616 1517 obedire
1637 1453 1739 1517 debe-

85 1547 229 1623 nobiles,
247 1551 362 1613 contra
376 1554 587 1616 Norrnannos
611 1555 644 1616 et
666 1554 886 1615 6616666116-
941 1550 1020 1631 ret(
1042 1549 1067 1631 ).

85 1646 201 1709 616616
224 1648 352 1723 hostes,
378 1649 642 1713 161616166116
669 1651 885 1724 excitaverat,
980 1649 1012 1713 5.
1033 1651 1207 1712 utentem
1229 1649 1317 1711 bane
1339 1649 1564 1727 perniciosam
1592 1649 1739 1728 disposi-

85 1742 123 1806 in
136 1744 373 1809 detrimentum
394 1748 552 1811 Ecclesiae
567 1749 752 1811 disturbata
764 1750 816 1811 est
829 1751 886 1811 at·
940 1746 1068 1810 tionem
1082 1749 1196 1825 posset
1216 1747 1397 1809 efficaciter
1411 1746 1607 1825 adimplere,
1623 1764 1740 1826 quem-

85 1856 154 1919 666
169 1841 312 1921 dirupta.
335 1847 402 1906 Per
421 1847 594 1922 Hugonam
614 1861 744 1924 666666
764 1845 888 1907 (16611-
927 1845 1017 1923 ¹darn
1045 1844 1233 1907 Rolandum
1261 1848 1489 1919 Parmensem,
1506 1843 1752 1911 detestabilem

86 1937 180 2013 dum,
195 1955 307 2018 regem
321 1943 503 2005 ilenricum
526 1944 560 2009 et
582 1942 762 2006 Robertum
787 1944 888 2006 Guis·
941 1941 1112 2017 clericum,
1142 1945 1176 2006 61
1201 1943 1286 2005 61166
1316 1943 1524 2005 execrabiles
1544 1945 1739 2016 61666666]
1850 1979 1853 1985 ν

85 2037 225 2103 cardum
249 2039 364 2103 contra
387 2041 539 2104 eumdem
559 2041 754 2104 Pontificem
778 2042 888 2103 omni·
940 2040 1062 2104 litteris
1085 2042 1157 2103 suis
1181 2044 1321 2104 Romam
1344 2042 1548 2114 transmisit,
1574 2042 1739 2120 66616666

84 2135 187 2198 modo
200 2137 326 2201 studuit
340 2137 668 2216 instigare,sioutvir
681 2139 886 2219 apostaticus
941 2155 1078 2201 causam
1093 2140 1201 2216 ipsam
1215 2140 1379 2202 vivaciter
1394 2141 1427 2201 et
1441 2139 1606 2217 intrepide
1621 2155 1740 2218 prose·

84 2234 179 2295 omni
202 2234 279 2301 dolo
300 2235 334 2298 61
354 2237 481 2299 malitia
503 2238 632 2315 616666,
656 2238 713 2313 661
732 2240 804 2313 jam
829 2254 886 2299 se·
942 2238 1134 2314 querentur.
1149 2236 1223 2309 Qui,
1239 2235 1369 2298 nefaria
1390 2237 1557 2314 legatione
1571 2237 1737 2315 suscepta,

83 2332 196 2393 cundo
223 2333 265 2394 ad
297 2334 501 2411 apostasiam
532 2334 644 2396 redire
677 2350 888 2412 nequaquam
942 2336 1181 2411 processerunt
1195 2334 1350 2411 usquead
1360 2332 1481 2397 Urbem
1496 2355 1504 2396 ε
1519 2335 1554 2397 et
1566 2336 1739 2398 venientes

81 2428 232 2493 erubuit.
244 2431 367 2492 Eodem
380 2431 529 2509 tempore
540 2432 692 2494 dominus
708 2434 888 2510 Gregorius
943 2430 984 2493 ad
1001 2431 1195 2494 Pontificem
1214 2433 1294 2494 tunc
1312 2431 1348 2492 16
1366 2432 1494 2509 synodo
1515 2430 1562 2513 (3)
1582 2432 1746 2499 6661166-4

82 2527 180 2589 61666
208 2528 352 2590 mediam
379 2529 674 2606 Quadragesimam
709 2531 887 2593 concilium
941 2531 1020 2603 tem,
1036 2529 1072 2590 in
1087 2529 1204 2606 primis
1220 2530 1310 2607 regis
1325 2530 1457 2592 litteras
1480 2534 1737 2608 praesentarunt,

82 2623 333 2704 celebravit,in
356 2643 421 2705 666
443 2628 657 2706 saepedictum
681 2629 885 2704 Guibertum,
941 2630 974 2689 et
988 2629 1233 2705 consequenter
1247 2643 1306 2704 per
1320 2643 1358 2688 os
1374 2627 1480 2705 ipsius
1503 2628 1645 2692 Rolandi
1665 2644 1740 2691 cum

83 2722 167 2800 6616
187 2724 326 2785 vocatus
340 2724 457 2787 venire
478 2726 684 2803 contempsit,
700 2727 888 2805 abepisco-
941 2724 1045 2787 nimio
1068 2724 1157 2788 16616
1182 2728 1216 2787 61
1237 2726 1456 2799 coutumacia,
1478 2726 1580 2789 locuti
1600 2727 1679 2790 sunt
1700 2727 1737 2788 in
1785 2782 1791 2797 ,

84 2819 156 2897 pali
171 2817 282 2882 611616
295 2820 455 2900 tanquam
469 2825 641 2901 perjurum
655 2825 838 2903 suspendit,
853 2827 895 2892 et,
940 2822 1029 2884 bunc
1043 2821 1176 2886 modurn
1190 2844 1199 2884 ε
1214 2823 1342 2887 «111611
1361 2839 1424 2885 nos
1443 2824 1599 2886 dominus
1622 2827 1740 2887 noster

85 2917 240 2979 eumdem
250 2919 425 2995 Hugonem
435 2920 689 3002 (1661116616),
703 2921 884 2985 secundum
939 2921 1104 2983 Henricus
1117 2936 1191 2995 rex,
1208 2921 1248 2984 16
1260 2922 1402 2983 oonsilio
1416 2922 1647 3000 episcoporum
1658 2938 1739 2983 suo-

83 3015 371 3092 Apostolidiotum
387 3015 590 3096 (61111111,
606 3018 669 3099 10),
683 3021 885 3083 decreticum
938 3035 1014 3080 rum
1035 3021 1069 3080 et
1080 3018 1291 3097 principum,
1319 3022 1357 3080 ut
1382 3034 1423 3080 ea
1448 3036 1522 3097 quae
1547 3021 1678 3081 noviter
1697 3020 1738 3081 16

84 3114 887 3188 16616666661661616616166666666-
939 3119 1029 3179 statu
1054 3116 1214 3179 Ecclesiae
1242 3116 1375 3179 censuit
1414 3117 1448 3178 et
1471 3116 1739 3179 irrevocabiliter

83 3211 311 3273 monitionem
336 3212 462 3284 devita,
485 3214 645 3291 perpetuo
670 3214 712 3276 ab
735 3216 885 3278 Ecclesia
940 3215 1056 3278 statuit
1069 3212 1117 3293 (4)
1138 3212 1234 3277 vobis
1255 3211 1386 3291 publice
1406 3212 1680 3285 demonstremus
1705 3216 1740 3275 et

85 3309 319 3384 sequestravit.
337 3309 401 3371 Sed
415 3325 490 3371 curn
505 3311 570 3373 ista
584 3310 621 3374 16
636 3312 734 3375 ltalia
753 3313 883 3388 flerent,
941 3312 1121 3374 efficaciter
1131 3326 1383 3388 prosequamur.
1400 3309 1480 3371 Inde
1495 3310 1643 3388 estquod
1656 3326 1738 3388 666-

86 3407 239 3468 Saxones
263 3408 379 3469 contra
404 3412 517 3484 regem
544 3410 725 3471 Hernicum
755 3411 887 3474 16611166
940 3409 1093 3488 cipimus,
1108 3410 1142 3472 et
1155 3408 1737 3487 exauctoritateregispraecipiendo

84 3502 302 3578 rebellarunt,
318 3521 358 3566 ea
372 3506 528 3568 videlicet
542 3508 730 3581 occasione,
744 3510 822 3587 quia
836 3511 885 3571 616
940 3506 1136 3568 mandamus
1159 3505 1221 3568 tibi
1242 3506 1412 3585 Gregorio,
1434 3508 1471 3570 ut
1486 3506 1527 3569 de
1545 3507 1737 3585 1666161166

84 3616 170 3667 onus
184 3602 394 3681 importabile
409 3602 581 3680 satagebat
594 3605 885 3683 imponerezunde
941 3606 1026 3667 Sede
1057 3606 1131 3666 6166
1154 3620 1249 3669 mora
1273 3604 1468 3678 descendas,
1499 3605 1533 3667 et
1556 3605 1675 3668 amodo
1695 3606 1736 3670 de

84 3700 208 3763 accidit
221 3701 308 3779 quod
323 3717 399 3775 rex,
415 3702 451 3763 in
470 3718 571 3764 manu
593 3703 705 3765 661116
720 3707 754 3767 61
767 3705 884 3768 multi-
940 3704 1072 3782 papatu,
1089 3704 1119 3764 si
1133 3703 1236 3765 vitam
1248 3704 1338 3765 tuam
1354 3702 1477 3780 diligis,
1494 3704 1526 3766 te
1544 3703 1736 3767 nullatenus

84 3798 201 3863 161166
223 3800 334 3875 gravi,
349 3801 530 3862 saxoniam
554 3816 597 3863 ex
623 3800 806 3880 improviso
830 3805 886 3866 in·
938 3802 1153 3864 intromittas
1169 3799 1271 3864 Vobis
1295 3804 1407 3863 autern
1428 3801 1593 3880 episcopis
1608 3803 1642 3865 et
1655 3819 1734 3866 car-

83 3897 207 3960 travit:
220 3898 279 3958 sed
294 3898 450 3975 quoniam
464 3914 523 3961 eos
543 3899 724 3976 imparatos
747 3901 881 3976 invasit,
939 3898 1105 3961 dinalibus
1118 3899 1235 3962 eodem
1246 3899 1342 3962 modo
1351 3899 1569 3977 iujungimus,
1578 3901 1736 3977 utrecep-

83 3996 261 4058 victoriam
282 3996 435 4074 quamvis
466 3997 733 4061 cruentissimam
754 4000 881 4064 babuit.
938 3999 1004 4061 turi
1025 3998 1220 4061 Pontificem
1236 3997 1277 4060 ad
1297 3998 1446 4076 ejusdem
1467 3998 1557 4074 regis
1580 4013 1733 4075 praesen·

85 4094 226 4172 Quippe,
236 4093 353 4156 siouta
364 4094 581 4172 prudentibus
596 4096 777 4173 dicebatur,
790 4100 884 4178 quin·
937 4097 1019 4158 tiam
1027 4095 1202 4158 1661166116.
1212 4094 1588 4173 »Quibusblaspbemiis
1596 4095 1729 4168 auditis,

84 4208 148 4269 666
165 4192 274 4253 millia
287 4192 435 4254 virorum
451 4209 494 4255 cx
508 4196 602 4270 parte
616 4195 753 4271 regiain
767 4198 882 4259 eodem
937 4193 1054 4254 contra
1086 4190 1238 4253 eumdem
1271 4190 1443 4253 Pontiilcis
1471 4191 1732 4255 conviciatorem

82 4289 171 4352 bello
187 4289 379 4353 ceciderunt
394 4311 403 4350 r
417 4292 645 4353 verumtamen
660 4293 738 4370 quia
750 4295 883 4357 eosdem
936 4290 1006 4352 1616
1021 4288 1168 4366 synodus
1191 4287 1238 4349 ita
1261 4288 1477 4350 vehementer
1490 4288 1627 4359 exarsit,
1644 4289 1732 4366 duod

82 4389 237 4451 Saxones
253 4387 316 4448 sibi
337 4403 403 4449 666
419 4388 524 4464 661611
537 4388 727 4465 subjugare,
740 4406 800 4452 rex
813 4393 884 4454 166-
937 4386 1004 4448 6161
1019 4386 1074 4463 616
1086 4384 1306 4447 mansuetudo
1318 4382 1408 4445 beati
1420 4387 1520 4460 Papae
1533 4385 1685 4460 Gregorii
1695 4401 1745 4446 se

81 4502 183 4563 quam
195 4484 395 4547 victoriosus
410 4485 445 4546 16
460 4486 636 4547 Franciam
648 4485 698 4567 (6)
709 4490 881 4552 remeavit.
937 4484 1123 4562 objecisset,
1131 4483 1239 4559 ipsum
1248 4480 1524 4543 fidelesllcclesiae
1532 4495 1606 4541 cum
1617 4481 1733 4560 lapidi-

82 4584 205 4646 Statim
231 4582 395 4645 immensa
417 4584 648 4661 episcoporum
672 4586 883 4650 multitudine
937 4581 998 4643 bus
1007 4579 1241 4644 trucidassent.
1260 4577 1319 4640 Die
1339 4594 1420 4641 vero
1437 4578 1545 4640 altera
1557 4577 1676 4642 litterae
1690 4580 1732 4643 ab

81 4680 279 4754 convocata,
296 4696 362 4742 666
378 4681 448 4757 egit
461 4682 587 4758 gratias
606 4685 674 4745 Deo
689 4699 749 4761 pro
764 4684 882 4762 adepta
938 4678 1102 4757 episcopis
1114 4677 1369 4740 ultramontanis
1384 4677 1538 4739 Pontifici
1552 4678 1630 4741 sunt
1639 4679 1734 4743 1616-

81 4780 238 4849 viotoria,
263 4779 321 4842 sed
344 4780 510 4842 elevatum
533 4782 665 4843 osteor
689 4783 774 4859 ejus,
797 4785 831 4847 et
847 4801 883 4848 66
937 4778 992 4851 tae,
1007 4776 1043 4838 in
1062 4775 1181 4855 qulbus
1207 4774 1450 4837 confitebantur
1469 4792 1505 4839 se
1533 4792 1677 4853 errasse,
1701 4782 1743 4843 61.

1663 4959 1691 5016 16
1705 4967 1734 5017 61

96 5026 102 5037 ¹
119 4953 165 5029 (1)
181 4954 310 5039 166661.
332 4958 452 5039 1166666
465 4956 493 5013 16
510 4957 608 5025 blanc,
621 4956 697 5029 judis
711 4958 804 5033 grand
817 4975 881 5033 par·
939 4960 1116 5037 accumtaur,
1138 4952 1235 5038 116661
1258 4951 1327 5024 6611
1345 4966 1377 5011 se
1395 4917 1526 5040 1166611111
1546 4957 1572 5013 16
1593 4973 1662 5085 6666

83 5034 161 5083 tuan
183 5024 219 5084 dc
236 5027 385 5112 Gregoue,
398 5041 511 5084 comme
528 5041 566 5085 ou
581 5028 616 5084 l'a
633 5043 671 5085 vu
685 5028 758 5086 1666
772 5032 799 5087 16
814 5030 886 5091 61611
922 5078 924 5085 .
938 5034 967 5084 61
980 5023 1238 5093 6166611616116,
1254 5024 1577 5157 16666166116666666,
1593 5028 1648 5085 616
1661 5028 1745 5097 tere,-

83 5096 121 5154 16
140 5111 195 5154 666
216 5096 349 5161 electior,
366 5098 476 5156 mettait
495 5106 556 5158 1661
577 5113 614 5155 eu
631 5114 730 5157 muvre
744 5115 816 5174 pour
828 5101 885 5159 lor·
938 5097 1004 5156 1116
1017 5095 1113 5154 116666
1126 5102 1156 5151 et
1164 5096 1361 5169 6666616666.
1375 5097 1473 5171 voigi,
1488 5106 1508 5155 1.
1541 5114 1596 5172 ,6.
1611 5099 1656 5156 ad.

83 5172 150 5226 6661
161 5174 261 5225 contre
275 5184 310 5226 ce
321 5171 417 5226 mame
431 5167 567 5243 Grigoire
581 5184 638 5228 une
654 5171 774 5229 61116666
785 5171 885 5231 enolto
975 5166 1016 5240 (3)
1027 5169 1067 5225 16
1080 5165 1200 5239 synode,
1219 5166 1380 5225 assemblee
1401 5169 1559 5237 rostrante,
1582 5168 1732 5226 1111166616

84 5238 365 5322 66166166666661
381 5240 485 5323 1161661
498 5248 528 5299 61
543 5239 723 5325 1616666666.
848 5315 854 5327 ·
939 5238 978 5296 du
1005 5259 1017 5289 ι
1031 5237 1188 5298 conubium
1200 5239 1348 5311 generale,
1361 5260 1374 5290 ι
1390 5238 1552 5296 166111661
1571 5236 1649 5312 parit
1668 5240 1733 5313 plus

85 5308 174 5439 laam
181 5309 536 5453 ganguxbkolccsfflffieo?
542 5310 886 5444 {igffilrcptigufrgfflilailn
940 5310 1087 5454 ὴ31111166
1104 5378 1204 5438 ordros
1223 5379 1259 5465 de
1278 5380 1448 5453 l’ampereur
1469 5379 1605 5463 lormults
1620 5380 1734 5438 166616

86 5451 303 5524 complectetur.
940 5450 1050 5524 synode
1068 5465 1107 5508 66
1127 5460 1282 5524 pouvarent
1301 5454 1361 5509 ttrc
1373 5458 1505 5522 66666166
1518 5465 1587 5507 6666
1601 5466 1639 5508 66
1650 5466 1732 5508 corn·

123 5524 163 5595 (1)
177 5522 312 5581 Nicotaus
321 5522 418 5580 minus
429 5525 742 5596 66616666616661166.
941 5525 999 5597 6161
1028 5521 1285 5595 assuisttissement
1321 5520 1521 5603 1611161166.
1550 5522 1658 5593 (161611,
1684 5537 1736 5605 666

124 5595 167 5678 (1)
180 5594 300 5666 liugues
314 5594 341 5652 16
356 5594 453 5663 illanc,
469 5595 583 5655 166616
598 5596 708 5654 concile
721 5596 757 5655 16
770 5598 887 5656 Worms
941 5607 1062 5664 avanae,
1076 5594 1104 5651 16
1115 5591 1241 5668 systema
1255 5589 1732 5663 166666616666616611660661·

89 5661 725 5740 6666666666161166611166116116166166,
745 5669 886 5727 6611666
941 5664 1019 5723 1661.
1734 5698 1740 5710 ·

233 5828 349 5878 666666.
369 5819 485 5887 rouel.
1533 5796 1595 5870 11.
