3952 6188
247 296 308 359 736
711 291 888 355 HONORII
909 292 954 353 111
975 290 1123 353 OPERA.
1141 320 1180 335 —
1196 292 1427 359 SERMONES.
1845 308 1898 370 736

247 457 280 519 et
300 454 513 517 humiliatum
529 454 597 515 Deo
614 450 752 515 habeas.
767 452 955 515 Sacamum
970 450 1040 529 spi·
1092 453 1219 513 terra...
1243 456 1281 516 lu
1305 456 1389 519 coelo
1413 457 1640 525 thesaurizant
1661 463 1721 540 qul
1744 464 1898 529 teneras

246 553 400 617 ritualem
429 568 563 613 sensum
591 551 744 628 praecipit
770 552 869 628 caput
896 565 1036 626 ungere,
1093 547 1227 611 divitias
1249 567 1310 628 pro
1331 568 1445 616 amore
1459 557 1520 618 Dei
1533 559 1739 636 pauperibus
1757 562 1896 627 donant

246 652 343 725 idest,
375 651 518 712 mentem
545 649 711 725 spirituali
738 648 912 710 devotione
940 664 1040 709 exer-
1095 646 1187 708 Unde
1221 649 1256 709 ln
1286 653 1467 727 Evangelio
1496 676 1504 714 z
1535 656 1775 721 thesaurizate
1804 666 1897 725 oobls

246 768 336 823 cere,
360 750 396 811 ut
421 748 552 825 quando
568 762 687 824 corpus
714 746 875 823 affligitur
895 746 1035 823 jejunio,
1093 745 1274 808 thesauros
1301 751 1338 808 in
1365 756 1512 812 coelo.....
1540 752 1671 833 (Mattb.
1701 757 1895 837 v1,20).1n

245 848 381 926 spiritus
416 846 451 906 in
480 844 685 907 orationibus
712 844 744 906 et
770 843 1037 905 meditationibus
1092 840 1223 904 interno
1242 844 1469 910 thesaurizant
1492 851 1548 927 qui
1572 854 1710 928 peccata
1730 871 1794 916 sua
1812 874 1896 933 prro

246 946 370 1008 serviat
383 947 462 1005 Deo.
479 942 635 1020 Praecipit
654 942 753 1003 etiam
772 941 891 1003 taciem
910 941 1035 1014 lavare,
1091 938 1172 1000 tidie
1202 942 1425 1019 multiplicant
1451 948 1485 1008 et
1516 948 1767 1025 impoenitentes
1800 955 1891 1014 exis-

243 1044 339 1115 idest,
356 1041 573 1104 intentionem
590 1055 609 1100 a
624 1056 711 1101 vana
726 1040 832 1115 gloria
847 1038 1035 1116 purificare,
1091 1036 1175 1098 tunt.
1193 1039 1287 1101 Unde
1301 1042 1498 1118 Apostolus:
1514 1048 1712 1110 Secundum
1725 1052 1891 1115 duritiam

243 1158 286 1203 ne
307 1140 447 1202 inbono
469 1153 568 1215 opere
586 1138 671 1215 quod
697 1136 837 1199 iacimus
858 1137 1037 1197 humanam
1093 1134 1188 1196 tatone
1212 1138 1247 1197 et
1267 1141 1489 1213 impoenitens
1509 1159 1572 1205 cor
1592 1145 1816 1209 thasaurizas
1836 1150 1890 1212 tibi

243 1238 375 1301 laudem
400 1252 598 1314 quaeramus.
621 1235 704 1297 vel:
725 1234 845 1296 faciem
859 1235 973 1295 lavare
987 1235 1038 1295 est
1091 1235 1130 1292 in
1152 1235 1207 1294 dic
1230 1238 1296 1296 irre
1310 1233 1419 1314 (Rom.
1437 1254 1474 1311 11,
1490 1239 1536 1318 5).
1553 1243 1640 1303 Iram
1663 1242 1890 1308 thesaurizare
1965 1226 1971 1237 ⁸

244 1337 444 1399 exteriorem
472 1333 759 1395 conversationem
785 1333 974 1403 honestare,
1001 1331 1038 1393 ut
1092 1330 1143 1391 est
1163 1330 1410 1396 damnationem
1434 1352 1528 1399 suam
1547 1354 1608 1414 per
1627 1340 1734 1401 multa
1757 1346 1889 1419 peccata

244 1434 328 1496 nihil
343 1433 503 1510 appareat
516 1432 551 1492 in
567 1429 662 1491 nobis
677 1430 763 1507 quod
779 1429 885 1506 possit
907 1430 1038 1491 intuen·
1091 1428 1275 1504 acquirere.
1291 1432 1362 1492 Hoc
1380 1433 1446 1494 erit
1462 1434 1566 1497 indie
1586 1436 1658 1510 ira,
1679 1438 1777 1510 idest,
1791 1440 1826 1517 in
1841 1440 1889 1502 die

241 1534 292 1595 tes
317 1530 495 1601 offendere,
516 1529 573 1590 sed
589 1528 756 1589 omniaad
781 1527 1036 1588 aeditlcationem
1089 1524 1218 1601 ludicii.
1965 1510 1971 1527 '

243 1630 461 1709 disponantur
473 1626 623 1688 honeste.
644 1630 693 1688 ab
707 1624 825 1688 caeteta
843 1640 924 1687 cum
941 1628 1038 1698 jaja-
1131 1623 1217 1684 Ecce
1236 1639 1328 1701 ergo,
1351 1626 1481 1701 iratres,
1506 1629 1729 1692 exhibeamus
1753 1635 1890 1696 nosmet·

242 1742 317 1800 nos,
333 1741 424 1802 unqe
427 1769 486 1786 ,,,,,
1092 1718 1181 1795 ipsos
1199 1722 1285 1783 sicut
1297 1724 1356 1785 Dei
1371 1726 1541 1787 ministros
1552 1727 1588 1788 iu
1600 1729 1706 1790 multa
1719 1732 1885 1807 patientia,
1967 1760 1972 1769 ·

280 1823 441 1885 Dominus
466 1821 616 1899 praecipit
638 1820 746 1898 Moysi
770 1820 805 1881 ut
826 1819 951 1882 laceret
973 1836 1037 1881 un-
1090 1816 1126 1876 ln
1137 1819 1277 1895 jejuniis
1292 1821 1417 1891 multis,
1433 1828 1467 1884 et
1481 1826 1648 1901 praecipue
1669 1827 1706 1886 iu
1730 1828 1799 1889 isto
1813 1846 1887 1906 qua-
1967 1808 1972 1829 ²

240 1922 399 1999 guentam
433 1918 520 1981 unde
549 1918 688 1995 ungeret
721 1917 972 1979 tabernaculum
1004 1919 1037 1979 et
1090 1912 1304 1991 dragesimali
1325 1920 1454 1995 jejnnio
1483 1921 1518 1981 in
1545 1922 1734 1985 subsidium
1761 1941 1886 1988 correo-
1967 1960 1972 1973 ·

240 2021 352 2083 omnia
373 2034 454 2081 vasa
478 2033 585 2079 sacra.
612 2019 649 2077 ln
675 2016 843 2092 unguento
874 2014 1036 2078 debebant
1088 2012 1190 2074 tionis
1201 2016 1233 2076 et
1243 2016 1445 2090 poenitentiae
1458 2020 1590 2092 nostrae,
1605 2020 1684 2097 quia
1700 2022 1784 2083 tunc
1800 2024 1886 2085 uobis

241 2115 315 2181 ess'e
330 2118 473 2195 quatuor
487 2116 614 2193 species
631 2113 817 2176 aromatum
832 2113 945 2176 mixtae
960 2130 1035 2175 cum
1089 2111 1274 2187 proderunt
1301 2117 1452 2191 suscepta
1476 2116 1618 2207 jejunia,
1653 2118 1683 2179 si
1718 2136 1795 2183 suae
1828 2122 1888 2184 sint
1963 2156 1971 2201 :

239 2217 325 2289 oleo,
340 2214 507 2287 uidelicet,
523 2213 670 2291 myrrha,
686 2227 929 2289 cynamomum,
949 2212 1036 2273 cala·
1090 2207 1213 2285 placita
1248 2210 1422 2273 voluntati.
1462 2213 1563 2286 Quia,
1600 2214 1688 2276 sicut
1728 2218 1888 2281 exaltarit

238 2331 312 2376 mus
338 2314 372 2374 et
392 2313 512 2374 cassia.
529 2311 665 2388 Myrrha
681 2310 848 2385 significat
862 2309 1036 2371 abstineri·
1090 2306 1221 2383 Moyses
1243 2308 1430 2385 serpentem
1454 2309 1489 2370 in
1515 2311 1647 2374 deserto
1673 2314 1708 2374 in
1737 2315 1843 2391 ligno,
1859 2318 1888 2378 nt

237 2412 330 2484 ham,
347 2411 436 2489 quia,
454 2410 540 2471 sicut
551 2408 686 2486 myrrha
702 2407 880 2469 mortificat
890 2423 1032 2479 vermes,
1089 2403 1248 2467 liberaret
1278 2406 1434 2483 populum
1465 2423 1572 2481 suum,
1600 2409 1700 2484 idest,
1731 2414 1887 2490 populum

239 2510 272 2571 et
282 2506 766 2585 servatcorporaaputredine,
777 2506 823 2567 ita
834 2504 1034 2567 abstinentia
1088 2501 1279 2563 Judaeorum
1306 2502 1512 2566 amorsibus
1541 2509 1737 2585 serpentum
1763 2510 1886 2587 ignito·
1968 2492 1972 2501 ¹

237 2606 415 2668 mortificat
438 2606 586 2683 corporis
611 2603 815 2681 uoluptates,
829 2603 861 2664 et
888 2603 1033 2665 seruata
1088 2615 1173 2671 rum,
1210 2600 1257 2661 ita
1291 2600 1363 2678 ipse
1395 2603 1546 2663 Christus
1580 2607 1747 2667 Dominus
1779 2610 1888 2670 noster
1967 2606 1973 2627 '

236 2703 354 2765 foetore
379 2703 532 2763 luxuriae.
548 2704 808 2779 cynnamomum
833 2700 931 2763 habet
953 2717 1035 2762 acu·
1088 2697 1215 2760 exaltat
1236 2714 1297 2760 nos
1319 2699 1353 2760 iu
1368 2700 1431 2761 hoc
1446 2701 1729 2777 quadragesimali
1745 2707 1886 2783 Jejunio,

236 2817 312 2862 men
336 2799 476 2861 mixtum
497 2816 571 2860 cum
595 2799 779 2870 dulcedine,
805 2800 838 2860 et
868 2798 1034 2873 significat
1089 2796 1122 2856 et
1135 2794 1221 2857 sicut
1241 2795 1395 2860 liberavit
1408 2799 1566 2875 populum
1590 2816 1609 2861 a
1629 2801 1806 2864 morsibus
1821 2820 1888 2865 ser-

235 2897 457 2960 humilitatem
496 2895 624 2967 cordis,
661 2910 734 2971 quae
776 2894 872 2957 debet
910 2895 1033 2958 habere
1087 2895 1290 2971 pentum,ita
1302 2911 1363 2973 per
1376 2912 1471 2957 suam
1485 2898 1755 2961 misericordiam
1770 2901 1887 2964 liberet

236 3011 387 3068 acumen,
398 2994 494 3066 idest,
502 2992 754 3055 delectationem
767 2994 800 3054 et
811 2992 1029 3066 dulcedinem,
1087 3006 1148 3071 nos
1173 3007 1193 3053 a
1215 2994 1320 3054 morte
1338 2995 1498 3071 perpetua
1516 2996 1549 3057 et
1573 3012 1594 3057 a
1612 2996 1886 3060 tribulationibus

235 3093 322 3156 idest
340 3092 638 3154 mansuetudinem.
664 3091 818 3152 Calamus
842 3090 942 3153 babet
961 3090 1033 3153 vir-
1087 3090 1328 3167 hujusmundi,
1346 3092 1430 3152 utin
1450 3092 1504 3154 die
1524 3093 1694 3167 Paschali,
1708 3096 1806 3169 idest,
1821 3100 1888 3158 Do-

234 3193 338 3254 tutem
369 3189 576 3253 confortandi
609 3191 777 3261 naturam,
807 3190 840 3251 et
866 3188 1033 3265 significat
1086 3186 1216 3248 minicae
1249 3189 1514 3250 Resurrectionis
1540 3206 1617 3253 cum
1643 3193 1783 3254 Domino
1813 3194 1888 3269 glo-

235 3306 326 3368 spem
346 3290 479 3352 aeternae
505 3287 745 3357 retributionis,
766 3303 840 3365 quae
868 3286 1032 3349 confortat
1085 3284 1221 3345 riemur.

234 3389 381 3449 animam
408 3386 565 3448 inbonis
596 3384 763 3463 operibus.
790 3385 905 3446 Cassia
931 3384 1031 3445 babet
1124 3381 1297 3457 Legimus,
1323 3383 1409 3459 quod
1437 3382 1572 3445 inerunt
1595 3387 1743 3462 quatuor
1763 3404 1885 3464 genera

233 3485 389 3548 virtutem
421 3483 635 3546 consumendi
664 3482 770 3544 malos
796 3482 968 3555 humores,
998 3484 1031 3545 et
1085 3480 1274 3555 serpentum
1297 3479 1332 3539 in
1353 3480 1475 3557 populo
1494 3481 1700 3555 dudaeorum‚
1726 3502 1788 3561 per
1813 3503 1883 3563 quae

233 3582 399 3659 significat
411 3582 606 3643 charitatem
617 3597 691 3658 quae
703 3581 868 3642 consumit
882 3580 1028 3658 peccata.
1085 3575 1358 3651 significabantur
1376 3580 1519 3655 quatuor
1542 3595 1668 3655 genera
1696 3581 1883 3645 daemonio-

233 3679 350 3741 Oleum
365 3679 531 3753 significat
545 3678 695 3740 laetitiam
715 3677 933 3754 spiritualem.
955 3680 1028 3740 Un-
1083 3688 1168 3735 rum.
1194 3675 1306 3735 Primo
1328 3675 1434 3750 igniti,
1449 3676 1483 3738 et
1495 3690 1627 3738 morsus
1645 3679 1788 3741 istorum
1814 3696 1886 3741 ser-

233 3775 392 3850 guentum
413 3789 492 3849 ergo
514 3777 565 3835 est
587 3776 781 3850 compositio
796 3775 1029 3851 praedictarum
1084 3772 1218 3847 pentum
1244 3771 1316 3833 erat
1343 3772 1429 3834 siout
1457 3773 1560 3850 ignis,
1592 3776 1625 3836 et
1652 3776 1885 3839 moriebantur

213 3872 405 3935 -virtutum
439 3873 509 3932 Hoc
541 3874 710 3946 unguento
746 3871 902 3932 debemus
930 3874 1029 3950 caput
1084 3869 1245 3942 homines,
1262 3870 1318 3931 sed
1335 3885 1401 3931 non
1417 3871 1495 3933 cito.
1513 3872 1664 3934 Secundo
1686 3875 1789 3937 eraut
1812 3891 1886 3936 ser-

233 3985 369 4045 ungere‚
383 3968 478 4040 idest,
490 3967 633 4028 mentem
644 3966 790 4027 nostram
804 3968 1026 4047 conformare3
1083 3968 1198 4043 pentes
1207 3967 1263 4044 qui
1271 3982 1337 4027 nou
1348 3968 1543 4031 mordebant
1552 3970 1586 4032 et
1596 3986 1662 4031 non
1670 3971 1881 4041 videbantur,

232 4067 320 4147 quod
348 4066 447 4141 digne
474 4064 646 4136 iaciemus,
673 4064 701 4124 si
725 4080 859 4126 carnem
881 4067 1028 4129 nostram
1083 4064 1140 4125 sed
1162 4080 1182 4126 a
1204 4064 1303 4140 longe
1325 4064 1500 4128 mittebant
1522 4067 1658 4128 sibilum
1680 4070 1715 4130 et
1735 4069 1807 4132 iere
1822 4070 1883 4132 bo-

231 4181 292 4243 per
306 4163 540 4225 abstinentiam
555 4161 737 4235 domamus,
754 4162 783 4222 si
798 4165 924 4225 mentes
944 4180 1026 4226 nos·
1082 4162 1188 4223 mines
1221 4161 1391 4234 ardebant,
1419 4165 1516 4240 quasi
1552 4165 1639 4240 ignis
1673 4166 1819 4229 intraret
1848 4169 1880 4229 iu

231 4260 722 4333 trascoramlteohumiliamus
735 4261 763 4321 si
778 4277 869 4337 spem
881 4262 1027 4324 nostram
1081 4262 1215 4321 ventres
1255 4275 1385 4332 eorum,
1424 4262 1458 4322 et
1493 4261 1738 4325 moriebantur.
1773 4266 1880 4327 Tertio

230 4362 271 4423 ad
297 4364 401 4423 Deum
429 4360 589 4432 levamus,
618 4360 647 4420 si
682 4359 845 4421 charitate
879 4358 1027 4422 fervente
1082 4357 1178 4419 erant
1205 4357 1396 4433 scorpiones
1430 4358 1486 4434 qui
1520 4358 1562 4419 de
1594 4374 1653 4421 ore
1689 4377 1762 4422 non
1795 4378 1881 4423 mor·

229 4460 406 4522 Dominum
419 4474 580 4527 amamus,
593 4458 623 4518 si
635 4457 676 4518 de
686 4456 783 4518 bonis
793 4457 948 4534 operibus
960 4474 1026 4519 non
1081 4452 1214 4523 debanb,
1230 4453 1288 4514 sed
1314 4453 1354 4515 de
1375 4453 1496 4526 cauda,
1518 4455 1619 4517 etsie
1650 4459 1879 4521 moriebantur

227 4559 396 4620 terrenam
420 4557 572 4633 gloriam,
589 4556 647 4616 sed
668 4552 814 4617 divinam
833 4556 1023 4633 quaerimus.
1081 4554 1203 4623 Quarto
1236 4552 1308 4612 erat
1342 4550 1516 4628 dipsades,
1544 4568 1651 4628 genus
1687 4558 1879 4633 serpentum

228 4655 362 4715 Faciem
390 4654 504 4716 lavare
537 4654 587 4715 est
615 4654 815 4716 exteriorem
844 4669 1025 4715 conversa·
1080 4649 1137 4727 qui
1162 4649 1240 4711 sunt
1262 4649 1297 4709 in
1319 4649 1467 4725 pulvere,
1484 4649 1529 4710 ita
1550 4651 1645 4726 parvi
1661 4654 1753 4728 quod
1769 4655 1879 4715 nullus

228 4750 352 4811 tionem
389 4752 573 4827 mundare;
610 4752 696 4827 qnod
736 4752 834 4827 digne
871 4750 1023 4825 iacimus,
1080 4748 1186 4825 potest
1202 4745 1420 4809 secustodire
1435 4761 1455 4807 a
1470 4747 1636 4808 morsibus
1657 4748 1810 4825 illorum,
1826 4751 1879 4813 sed

229 4846 360 4923 quando
393 4847 704 4922 irreprehensibiles
730 4862 790 4907 nos
815 4847 1022 4910 exhibemus.
1078 4846 1152 4922 post
1166 4844 1396 4906 morditionem
1409 4844 1877 4928 nullnspotestsatiariaqna,

269 4942 445 5020 Sequitur:
461 4943 574 5004 Nolito
589 4945 827 5005 thesaurizare
848 4949 942 5008 vobis
957 4947 1024 5009 the·
1079 4943 1156 5020 quia
1170 4943 1263 5003 tauta
1278 4944 1328 5004 est
1342 4942 1426 5015 sitis,
1441 4942 1527 5019 qnod
1543 4943 1612 5005 tota
1626 4959 1716 5021 aqua
1731 4947 1880 5008 numinis

227 5055 352 5103 soceros
374 5044 412 5100 in
434 5039 531 5100 terro
546 5038 677 5119 (Mattb.
698 5056 742 5111 m,
761 5041 824 5119 19).
845 5044 925 5103 Tres
948 5047 1024 5106 sunt
1077 5041 1130 5102 vel
1151 5040 1254 5101 maris
1276 5039 1400 5101 satiare
1418 5055 1485 5100 non
1504 5040 1629 5117 possit3
1653 5045 1688 5103 et
1710 5045 1802 5107 sicut
1816 5046 1879 5122 by-

228 5138 356 5215 species
395 5137 567 5198 hominum
607 5135 915 5201 thesaurizantium.
956 5142 1023 5203 Alii
1077 5137 1204 5215 dropici
1219 5152 1285 5199 non
1299 5138 1439 5214 possunt
1461 5138 1577 5199 satiari
1600 5154 1701 5216 aqua,
1719 5142 1771 5205 sic
1786 5144 1820 5205 et
1834 5142 1881 5203 illi

225 5235 453 5298 thesaurizant
475 5235 511 5295 in
530 5236 632 5305 terra,
650 5234 708 5297 alii
727 5235 761 5297 in
786 5237 888 5314 coelo;
905 5239 965 5299 alii
986 5240 1022 5300 in
1076 5236 1133 5313 qui
1147 5235 1250 5295 morsi
1265 5236 1374 5296 sunta
1390 5233 1599 5311 serpentibus
1612 5236 1694 5297 illis.

224 5333 367 5396 inferno.
386 5336 423 5394 In
438 5334 529 5394 terra
548 5331 775 5396 thesaurizant
794 5336 849 5413 qui
869 5335 911 5396 ad
929 5352 1022 5413 quae·
1116 5334 1182 5395 Ista
1193 5334 1336 5410 quatuor
1344 5348 1468 5408 genera
1478 5333 1670 5409 serpentum
1686 5335 1882 5411 significant

225 5432 329 5492 renda
352 5430 439 5491 bona
461 5430 595 5491 terrena
619 5418 771 5494 laborant
794 5434 829 5494 in
853 5435 1022 5510 tempora·-
1075 5432 1218 5507 quatuor
1232 5446 1357 5506 genera
1376 5430 1627 5491 daemoniorum.
1648 5434 1803 5494 Primum
1823 5450 1883 5511 ge-

226 5526 324 5596 libus,
349 5527 466 5605 quibus
488 5527 568 5589 dicit
582 5529 740 5591 Dominus
759 5531 794 5592 in
813 5532 1017 5609 Evangelio:
1074 5544 1138 5589 niis
1148 5528 1340 5605 suntigniti,
1351 5528 1385 5589 et
1395 5543 1525 5589 morsus
1536 5527 1673 5590 illorum
1685 5535 1880 5609 serpentum

226 5623 336 5685 Nolite
377 5624 603 5689 thesaurizare
636 5626 730 5690 vobis
769 5630 945 5693 thesauros
984 5631 1018 5692 in
1074 5627 1125 5689 est
1150 5626 1250 5703 ignis.
1276 5626 1324 5689 Ita
1348 5624 1491 5703 primum
1510 5640 1616 5702 genus
1630 5628 1877 5692 daemoniorum
