3980 6198
114 263 167 323 177
630 254 787 329 QUINTA
809 254 1175 318 compressionis.
1198 255 1223 313 1.
1690 250 1748 309 178

113 416 239 479 ordines
261 430 283 475 a
309 430 372 476 non
401 413 471 475 suis
495 413 660 491 episcopis
688 417 896 493 receperunh
954 414 1095 478 utendus
1109 414 1153 476 sit
1167 410 1214 493 (b)
1234 406 1471 487 Neoportensis
1492 404 1747 468 archidiaconus

113 514 239 592 quidam
262 511 362 574 etiam
385 510 662 573 excommunicati
683 510 851 574 celebrant
865 513 900 573 in
954 514 1011 591 qui
1025 510 1222 590 quibusdam
1236 507 1336 571 eundi
1356 522 1430 567 cuin
1446 502 1610 565 mercibus
1623 502 1658 563 in
1670 501 1750 563 Ale-

112 611 254 674 ecclesiis
266 608 462 682 interdictis,
478 608 512 670 et
525 607 649 670 Graecis
665 608 782 670 ritibus
797 609 902 686 perti·
954 610 1129 671 xandriam
1140 607 1255 670 contra
1265 604 1423 667 statutum
1434 600 1573 663 Concilii
1582 599 1749 675 generalis

112 709 232 772 naciter
245 706 458 778 inhaerentes,
476 705 511 767 in
525 705 618 767 nullo
636 705 753 768 nolunt
766 706 900 768 obedire
955 707 1124 768 licentiam
1133 704 1173 766 de
1184 704 1271 766 iacto
1282 701 1429 764 tribuere
1443 715 1509 759 uon
1519 697 1663 774 expavit.
1680 697 1749 757 Nos

113 805 251 886 prelatis
265 803 405 866 Latinis.
420 804 587 871 Praeterea
601 804 734 881 quidam
747 804 855 865 Graeci
869 803 902 865 et
954 820 1033 881 ergo
1048 803 1147 864 discr.
1176 802 1243 863 tuae
1268 798 1414 860 breviter
1441 794 1688 873 respondemus,
1713 792 1751 853 ut

113 903 214 966 Latini
241 901 389 980 episcopi
417 901 684 963 consecrationes
713 899 841 963 iaciunt
865 901 901 962 in
955 918 1055 980 quum
1078 903 1156 978 jura
1184 896 1346 959 canonica
1373 896 1407 956 et
1437 893 1550 955 civilia
1573 891 1661 953 edita
1684 889 1751 951 sint

114 999 350 1080 episcopatibus
364 998 495 1071 alienis,
507 1000 541 1061 et
554 999 700 1060 decimas
714 998 902 1075 percipiunt
955 1014 1054 1076 super
1081 994 1233 1059 omnibus
1258 992 1328 1054 iere
1356 990 1507 1053 articulis
1535 988 1749 1067 praenotatis,
1789 1010 1790 1013 ¹

113 1101 145 1163 in
157 1098 290 1171 eisdem,
307 1097 344 1159 in
359 1097 588 1175 episcoporum
602 1096 792 1158 eorumdem
810 1096 904 1157 loco-
955 1095 1114 1174 procedas
1132 1093 1167 1155 in
1182 1091 1235 1153 his
1250 1107 1350 1168 quum
1365 1102 1501 1150 necesse
1516 1084 1616 1147 inerit
1630 1100 1752 1147 secun-

113 1213 179 1259 rum
202 1194 433 1273 prejudicium
456 1195 489 1256 et
508 1209 700 1271 gravamen,
716 1192 795 1255 licet
812 1193 903 1272 spis-
955 1195 1032 1255 dum
1047 1191 1225 1255 canonicas
1238 1189 1271 1250 et
1281 1186 1447 1264 legitimas
1469 1182 1668 1245 sanctiones.
1685 1183 1752 1242 Po-

114 1294 180 1372 copi
191 1297 394 1365 Graecorum,
410 1308 472 1353 nec
486 1291 656 1370 percipere
669 1290 824 1363 decimas,
841 1306 902 1352 nec
955 1291 1037 1354 teris
1060 1289 1160 1351 etiam
1184 1286 1225 1348 ad
1254 1282 1516 1362 componendum
1539 1279 1751 1356 interponere

114 1391 373 1455 consecrationes
387 1388 577 1467 hujusmodi
599 1387 833 1451 consueverint
846 1403 904 1449 ce-
956 1388 1067 1469 partes
1090 1387 1165 1448 tuas
1192 1384 1226 1446 et
1252 1381 1418 1445 interdum
1437 1377 1562 1456 aliquid
1581 1374 1753 1437 severitati

114 1489 246 1551 lebrare.
268 1486 318 1549 Ad
343 1485 407 1549 hoc
431 1486 510 1548 laici
538 1486 645 1547 Graeci
674 1500 797 1547 uxores
824 1501 903 1546 suas
956 1485 1143 1556 detrahere,
1164 1482 1263 1560 prout
1281 1481 1369 1542 statu
1383 1475 1516 1555 imperii
1530 1475 1563 1536 et
1585 1471 1752 1534 exceden-

114 1585 284 1649 secundum
314 1585 439 1646 motum
464 1582 608 1661 propriae
640 1581 821 1644 voluntatis
846 1582 902 1643 di·
957 1584 1040 1646 tium
1054 1579 1263 1644 multitudine
1276 1576 1413 1655 prouida
1423 1571 1660 1635 deliberatione
1671 1585 1755 1647 pen-

112 1684 243 1755 mittere,
260 1684 294 1745 et
309 1682 395 1744 alias
410 1681 631 1759 superducere
647 1696 712 1741 nnn
733 1681 900 1752 verentur,
957 1681 1049 1752 satis,
1077 1677 1201 1741 rideris
1225 1673 1398 1751 expedire;
1423 1669 1571 1747 exceptis
1594 1665 1752 1728 nimirum

113 1798 150 1843 ac
161 1778 473 1858 operaridominicis
483 1779 517 1840 et
526 1777 652 1840 festivis
662 1776 778 1838 diebus
788 1792 904 1854 quem·
957 1777 1101 1848 casibus,
1117 1773 1173 1853 qui
1188 1768 1436 1849 compositionis
1456 1783 1516 1827 seu
1530 1763 1754 1842 dispensatio-

113 1879 280 1941 admodum
310 1875 362 1958 (a)
390 1876 426 1939 in
454 1875 620 1955 profestis.
644 1877 747 1937 Porro
769 1874 903 1952 quidam
957 1875 1009 1936 nis
1024 1871 1206 1935 remedium
1221 1884 1286 1930 non
1301 1863 1487 1936 admittunt,
1507 1861 1621 1939 utpote
1635 1861 1754 1936 conju-

113 1975 247 2038 barones
262 1976 297 2039 et
311 1974 444 2047 milites,
459 1976 528 2036 tam
542 1973 652 2034 Latini
667 1988 766 2051 quani
781 1971 900 2045 Graeci,
957 1971 1005 2048 gii
1027 1966 1281 2036 sacramentum,
1311 1960 1397 2040 quod
1421 1975 1522 2038 quum
1550 1973 1616 2018 non
1644 1955 1753 2017 solum

114 2072 267 2146 abbatias,
284 2073 318 2135 et
331 2072 490 2134 ecclesias
505 2070 601 2143 alias,
617 2087 693 2132 cuin
713 2068 904 2132 hominibus
957 2066 1044 2146 apud
1059 2064 1195 2127 Latinos
1222 2062 1256 2123 et
1282 2063 1425 2128 Graecos,
1453 2054 1511 2116 sed
1539 2053 1640 2114 etiam
1666 2049 1753 2129 apud

114 2171 143 2232 et
164 2169 259 2232 bonis
283 2169 360 2231 aliis
382 2168 584 2241 earumdem,
606 2168 722 2230 contra
738 2166 905 2245 justitiam
959 2163 1073 2226 fideles
1087 2162 1121 2223 et
1133 2157 1284 2221 infideles
1299 2153 1431 2225 existat,
1451 2151 1541 2214 circa
1555 2149 1637 2209 illud
1659 2163 1679 2208 a
1700 2163 1757 2208 se-

115 2267 305 2340 detinentes,
329 2268 554 2329 decimasuon
568 2265 756 2337 exsolvunt,
773 2263 806 2325 et
820 2261 906 2323 alios
959 2258 1100 2320 ueritate
1122 2252 1283 2315 canonica
1302 2248 1458 2311 recedere
1482 2261 1548 2307 non
1571 2243 1695 2305 licebit.
1716 2244 1754 2303 in

114 2365 236 2428 solvere
252 2365 446 2427 recusantes
461 2364 496 2424 iii
511 2378 570 2424 suo
586 2377 700 2423 errore
714 2358 905 2429 defendunt,
961 2356 1117 2418 hisvero
1142 2364 1243 2428 super
1268 2346 1387 2425 quibus
1410 2347 1467 2422 jus
1494 2358 1561 2404 non
1586 2338 1757 2402 invenitur

113 2463 142 2524 et
152 2462 179 2523 si
192 2479 253 2540 pro
269 2462 335 2534 his,
351 2462 411 2523 aut
424 2460 499 2523 aliis
514 2457 706 2520 excessibus
724 2456 795 2517 suis
818 2454 909 2515 iera·
961 2465 1166 2530 expressum,
1191 2444 1351 2524 procedas
1372 2441 1527 2520 aequitate
1548 2438 1680 2500 servata
1701 2451 1756 2497 se-

113 2561 161 2620 hir
174 2555 533 2621 excommunicationis
543 2550 906 2624 sententiaineosdem,
962 2548 1104 2612 cundum
1125 2543 1212 2624 quod
1234 2556 1394 2621 personas
1418 2538 1451 2600 et
1473 2552 1603 2609 causae,
1627 2535 1701 2596 loca
1723 2533 1758 2595 et

114 2672 181 2718 sain
207 2656 245 2716 in
268 2655 457 2716 animarum
485 2669 620 2714 suarum
647 2649 846 2728 periculum,
876 2650 909 2711 et
960 2649 1109 2723 tempora
1120 2640 1245 2704 videris
1256 2637 1436 2716 postulare,
1448 2650 1578 2712 semper
1589 2633 1625 2694 in
1637 2631 1757 2692 huma-

116 2754 254 2815 aliorum
286 2751 479 2812 scandalum
507 2748 714 2826 vilipendunt
739 2766 747 2807 ι
772 2746 860 2807 unde
887 2761 907 2807 a
961 2744 1088 2805 niorem
1104 2733 1543 2818 partem,maximepropter
1557 2730 1678 2793 statum
1691 2727 1757 2789 im-

118 2850 205 2912 nohis
222 2848 395 2910 desideras
410 2842 552 2919 edoceri,
576 2844 654 2922 quid
669 2843 729 2905 tibi
743 2843 908 2919 agendum
962 2839 1046 2922 perii
1060 2837 1168 2901 adhuc
1183 2834 1335 2905 debilem,
1351 2828 1558 2893 declinando.

119 2948 202 3009 sitin
216 2944 372 3007 omnihus
386 2959 487 3023 supra
508 2942 616 3015 dictis,
641 2944 675 3003 et
688 2940 832 3019 qualiter
845 2957 909 3018 pu·
1667 2914 1668 2917 ¹
1719 2934 1724 2941 “

122 3167 293 3227 Antiocheno
307 3178 372 3224 can.
389 3163 464 3222 litet
479 3163 564 3233 thet
578 3162 642 3221 aliis
656 3161 774 3235 passim.
789 3161 909 3220 linitum
963 3152 1011 3211 nio
1024 3153 1102 3210 enim
1155 3158 1268 3223 stqusm
1287 3146 1351 3205 hec
1372 3143 1487 3227 scripsit
1498 3140 1641 3207 Balsamo,
1654 3145 1759 3217 nempe

122 3240 218 3323 laboris
231 3236 372 3311 impendit
393 3235 577 3293 Innocentius
591 3236 631 3316 ΙΙΙΙ
654 3242 683 3290 et
701 3234 797 3306 piures
820 3230 910 3290 edidit
963 3238 1039 3281 anno
1057 3165 1420 3304 lfflffconstnntinopolis
1439 3220 1523 3289 capta
1542 3216 1587 3267 est
1607 3224 1623 3291 a
1641 3209 1760 3269 Latinis,

124 3311 247 3383 epistolas
268 3306 408 3365 adversis
430 3305 555 3374 Graecos,
571 3307 736 3363 Latinorum
758 3303 822 3375 jura
848 3309 907 3358 tur·
963 3301 992 3351 et
1010 3293 1064 3352 sub
1078 3290 1239 3365 patriarcha
1261 3290 1363 3345 hatino
1377 3283 1503 3348 redacta,
1518 3279 1657 3339 Balduino
1674 3275 1758 3331 Flan-

124 3380 224 3448 bantes‚
236 3388 267 3438 ιιι
276 3379 369 3451 Epist.
385 3375 909 3445 tls.htb.1,etts,ct,etsequent.,
964 3363 1016 3420 drc
1027 3363 1111 3431 duce,
1133 3360 1186 3418 suh
1210 3356 1378 3418 innocentio
1389 3356 1441 3420 ΙΙΙ,
1477 3364 1513 3407 us
1535 3349 1571 3405 de
1585 3362 1617 3404 re
1628 3345 1762 3424 Babamc

125 3452 179 3535 lib.
205 3454 241 3520 ll,
270 3456 371 3506 cantia
395 3449 512 3531 abbates
543 3449 668 3515 Grecos,
732 3444 752 3526 i·
766 3440 911 3501 corinthio
964 3434 1147 3516 conqueritur
1167 3431 1197 3486 iu
1216 3427 1416 3553 supfllemento
1436 3367 1476 3479 „3
1493 3418 1634 3477 cadomi
1660 3411 1763 3489 synodi

126 3515 914 3664 ⁰erssffiggiffieffmffgd&equorumvegttffiseeszsffi
965 3502 1375 3654 ξέιέιιιῗιθξῖιῖιῗιοῖἒιθιῗιιυῆιιιιιιιιι
1395 3563 1480 3646 init..
1504 3633 1510 3644 .
1594 3632 1600 3643 .

127 3664 202 3721 iidem
214 3661 388 3721 contrariam
409 3658 576 3718 orthodoxe
597 3655 786 3724 adstruerent,
801 3662 830 3710 et
843 3658 913 3710 ritus
967 3643 1023 3727 hcc
1035 3658 1112 3715 cap,
1122 3641 1221 3699 scribit
1229 3642 1332 3698 loanni
1344 3634 1493 3721 cardinali,
1502 3647 1531 3689 in
1541 3630 1657 3715 casibus
1667 3641 1761 3710 'expo-

127 3747 218 3791 omnes
229 3733 396 3792 hahuerunt
411 3744 516 3789 exosos
534 3728 682 3797 haberent,
698 3733 730 3783 ut
748 3723 784 3782 de
795 3722 913 3808 jejuniis
966 3717 1029 3773 sitis
1054 3714 1157 3771 dehere
1183 3712 1222 3794 in·
1239 3709 1438 3793 humaniorem
1469 3710 1579 3787 partem
1609 3699 1764 3778 inclinare,

128 3804 236 3863 sabbato
248 3801 401 3886 prohibitis
419 3800 500 3884 juxta
521 3799 686 3883 imitanum
704 3796 867 3864 concilium,
883 3793 914 3851 in
967 3792 1082 3870 propter
1095 3791 1200 3867 statum
1215 3794 1327 3910 inffern
1343 3777 1436 3836 adhuc
1450 3774 1583 3832 debilem.
1597 3769 1679 3830 llnde
1693 3782 1765 3826 acci·

188 3877 311 3933 zonaras
328 3872 437 3931 Latinis
451 3869 547 3928 tnhuit
560 3875 719 3943 peccatum,
731 3866 768 3924 ad
786 3880 850 3923 cen.
867 3865 912 3922 dh.
967 3857 1017 3927 dit,
1033 3863 1065 3913 ut
1078 3855 1158 3912 brevi
1168 3853 1221 3911 siib
1265 3849 1375 3934 ichaele
1397 3846 1559 3929 Paleoiogo
1576 3852 1762 3924 recuperave-

165 3946 340 4011 isainoserc,
356 3944 484 4000 omnium
496 3938 773 4013 impudentissimus,
797 3937 836 3993 nit
859 3933 914 3993 hoc
968 3928 1024 3984 rint
1033 3923 1307 3997 Constantinopolim
1328 3926 1427 4003 epectis
1447 3915 1566 3998 Latinis.
1591 3914 1649 3993 lpsi
1666 3918 1764 3967 temen

130 4017 270 4074 concilium
284 4020 450 4087 utpotesuo
464 4026 551 4070 sensu
571 4010 791 4075 ocumanicum,
805 4022 821 4064 a
836 4006 913 4064 Lati·
968 3999 1058 4057 Graeci
1077 3997 1183 4079 saepius
1197 4009 1243 4051 res
1260 4006 1328 4049 suas
1347 4005 1376 4047 in
1393 3987 1552 4073 pernimem
1571 3989 1643 4040 verti
1663 3993 1767 4052 agnos·

130 4085 276 4144 ubbaode
288 4098 377 4143 caiisa
396 4082 485 4156 rejici,
501 4080 577 4155 qnod
594 4094 694 4138 eorum
714 4093 764 4136 cor
778 4086 915 4150 tanquam
968 4077 1077 4135 centes,
1103 4067 1272 4124 simulantes
1291 4062 1427 4119 Ecclesiae
1449 4059 1588 4115 Romanae
1602 4049 1763 4134 adherere,

132 4154 224 4214 lenum
234 4154 386 4241 pervadat,
402 4160 522 4229 pungat,
538 4160 567 4211 et
584 4151 721 4225 configat.
737 4152 779 4207 lte
792 4148 839 4205 liis
852 4147 914 4221 egi·
969 4151 1104 4268 perversa
1124 4152 1175 4220 sua
1199 4134 1334 4214 dogmata
1351 4131 1539 4209 abnegantes,
1559 4130 1591 4181 ut
1601 4136 1630 4179 in
1644 4119 1767 4177 concilio

132 4242 187 4285 uiis
206 4228 293 4298 aliss3
315 4233 346 4284 ut
363 4224 400 4282 de
418 4223 555 4283 altaribus
574 4223 738 4281 Graecorum
761 4221 792 4276 in
813 4218 916 4292 quibus
980 4213 1187 4266 *errariensiet
1198 4206 1433 4272 Florentincpost
1445 4197 1601 4276 Basihense
1613 4198 1714 4249 cosmo
1729 4187 1765 4245 ab

133 4299 215 4355 bitini
237 4296 434 4357 celebrassent
456 4291 646 4363 denudandis,
668 4299 848 4362 ettanquam
867 4288 913 4344 in·
970 4278 1102 4352 lingerio
1123 4277 1173 4345 lli,
1196 4273 1317 4358 professi
1343 4278 1410 4328 sunt
1433 4267 1641 4351 obedientiam·
1664 4259 1715 4318 sed
1735 4264 1767 4339 iit

134 4366 394 4440 quinatislsvaudts,
402 4364 487 4423 docet
495 4364 572 4422 idem
582 4362 776 4430 innocentius,
784 4360 814 4417 in
824 4358 918 4432 capt
970 4356 1048 4409 recte
1069 4353 1218 4429 annuunt
1234 4343 1368 4402 Abarim
1389 4342 1540 4397 Κιιιιιῑιιιιι
1559 4349 1591 4415 ιιι
1606 4303 1764 4409 lfetropola,

135 4440 234 4497 concilii
246 4442 381 4506 lateran.
396 4437 466 4505 oue
482 4435 635 4493 obstinatio
649 4432 698 4490 diii
712 4439 776 4505 post
788 4429 916 4495 inolevit,
971 4436 1034 4505 cap.
1050 4419 1095 4504 iil,
1110 4416 1392 4495 bib.11‚drscoriim
1407 4403 1668 4491 sempervacillaus
1687 4405 1766 4479 natio

135 4508 168 4565 ita
183 4518 211 4568 ut
229 4512 317 4568 etism
338 4509 367 4565 in
388 4506 503 4591 templis
524 4504 689 4564 listincrum
702 4516 785 4559 orare
798 4500 917 4567 nollent,
971 4507 1001 4550 in
1012 4498 1070 4548 anti
1111 4503 1145 4545 os
1163 4499 1259 4569 mores
1278 4480 1388 4566 recidit,
1406 4493 1477 4551 ipsis
1490 4482 1578 4533 etiam
1592 4474 1768 4553 imperatori·

137 4579 203 4651 quod
214 4587 310 4639 umen
324 4577 471 4637 damnavit
484 4575 645 4635 Demetrius
663 4571 856 4633 chomatenus
874 4569 918 4625 ia·
972 4563 1026 4619 hus
1035 4559 1208 4644 Praeclusis
1219 4550 1431 4634 inclinsnnbus,
1447 4544 1524 4605 unde
1541 4541 1648 4618 iudicio
1669 4537 1767 4595 dinuo

136 4651 334 4723 tmoputtcnib.
347 4650 386 4706 cd
400 4646 617 4706 conductitium
627 4643 797 4711 cadurtium,
809 4639 870 4698 lib.
881 4642 918 4709 v,
972 4639 1063 4691 totuin
1081 4640 1233 4701 imperium
1245 4626 1412 4707 amiserunt
1649 4680 1656 4694 .

136 4734 247 4792 mpetu.
259 4722 340 4795 juris
361 4722 530 4778 drocarum
555 4716 687 4776 ΒιΙιιιιιιο
710 4710 919 4770 verenharius
1011 4678 1764 4821 (c)Iitmarescalliae&mlestusdsitprmctind‘los-

139 4803 296 4866 tircgiunis
322 4794 430 4865 Papam
453 4788 604 4863 indignum
629 4799 694 4845 esse
716 4782 920 4843 communione
973 4789 1050 4833 sario
1064 4770 1229 4839 Phalericum
1244 4762 1321 4838 apud
1361 4749 1768 4840 amanzenumliutrsocnutcc

139 4863 358 4932 mhiarchulium
388 4859 510 4929 sedium,
544 4872 599 4916 nec
629 4871 723 4942 geniis
755 4854 920 4912 heduorum
974 4830 1644 4931 ntwphttev,dieapro(ettuscelcbritcterunou
1654 4821 1768 4903 Ιιαὸιιιι,

140 4945 274 5018 lcucper
288 4934 384 4992 diutia
399 4932 535 5060 ingenita
549 4928 731 4994 sanctificari,
741 4923 921 4999 impudenter
975 4933 1004 4974 in
1023 4929 1080 4989 quo
1096 4916 1162 4971 iicet
1172 4923 1296 4982 operari,
1349 4903 1388 4962 ud
1405 4903 1583 4973 sipontinum
1596 4894 1767 4952 Grammati-

142 5014 258 5064 asseruit.
275 5008 348 5074 lino,
370 5018 407 5075 qu
1230 4980 1236 4992 '

1291 3512 1309 3554 o
1330 3503 1459 3565 tempore
1475 3504 1532 3620 fiio
1547 3487 1640 3547 Latini
1655 3484 1761 3569 guber·

1488 3561 1543 3620 deo
1558 3561 1712 3624 Honorius,
1732 3568 1764 3612 iu

192 5076 198 5086 ‚
466 5000 547 5074 pejus
569 5006 623 5068 est
645 4997 799 5066 Armeniis,
820 4997 920 5055 Mono-
975 5002 1052 5071 cum,
1060 4992 1090 5043 et
1101 4982 1285 5055 distinguitur
1295 4920 1462 5041 radiatum,
1472 4977 1546 5028 utex
1554 4966 1657 5033 Plinio,
1666 4977 1730 5035 cap.
1738 4962 1767 5018 6.

140 5070 244 5146 thelitis,
258 5074 446 5142 honorianis,
461 5072 564 5130 etaliis
577 5069 720 5128 haereticis
734 5066 921 5140 comparavit,
977 5055 1298 5133 tachiriacensis.
1357 5115 1363 5128 ·
1434 5113 1440 5125 ,
1749 5100 1755 5114 ,

143 5143 288 5204 adlatrare
337 5145 406 5203 ,ΙΙΙ
421 5143 472 5203 Cui
486 5142 637 5201 adherens
652 5137 922 5198 iiatthseusBlasta-
1003 5127 1262 5213 ‚tiitllcoportarun
1281 5115 1393 5200 archid.
1407 5110 1479 5172 Vide
1501 5105 1568 5190 nni
1608 5103 1714 5187 endum
1732 5107 1769 5157 sit

142 5216 260 5283 resiib.
296 5219 347 5284 ΙΙΙ,
362 5216 476 5274 Grecos
497 5213 636 5271 diritnon
651 5223 736 5285 posse
754 5205 923 5266 contrahere
976 5200 1163 5327 Niqripoiitis,
1185 5206 1249 5265 que
1273 5195 1316 5272 cst
1338 5185 1432 5270 insula
1455 5185 1553 5261 Pontis
1622 5188 1692 5257 iiiiii,
1717 5170 1770 5227 sub

143 5285 342 5346 muhereticls
361 5285 510 5361 judeiset
523 5283 646 5367 paganis
655 5280 757 5355 quibus
767 5280 840 5350 aequi
862 5283 923 5335 arat
977 5284 1026 5329 arc
1046 5277 1193 5352 repiscopo
1206 5260 1386 5345 Atheniensi,
1401 5254 1437 5313 de
1447 5265 1533 5337 ‘cujus
1548 5250 1668 5304 homino
1681 5245 1767 5300 luno·

145 5354 258 5417 mimos.
274 5331 354 5430 Quod
367 5358 477 5416 crimen
490 5369 549 5415 non
570 5353 690 5413 inultum
704 5349 825 5419 mansit3
840 5293 921 5406 Rieu·
977 5347 1090 5401 centius
1103 5339 1156 5407 lll,
1168 5349 1197 5392 in
1206 5337 1291 5407 epist.
1304 5330 1322 5389 t
1336 5335 1365 5386 et
1378 5326 1406 5397 b,
1422 5323 1484 5384 Lib.
1500 5320 1562 5378 llll.
