3952 6188
83 326 146 393 isi
511 327 557 393 IN
578 326 918 403 quaesierimus.
941 324 1147 390 DOMINICA
1167 327 1312 392 PRIMA.
1674 332 1734 394 742

84 485 295 563 deponentes
308 485 455 549 ueterem
478 483 645 549 hominem
663 502 738 549 cium
756 486 884 549 actibus
937 484 1168 548 numeratione
1191 482 1349 562 colligere
1368 500 1442 547 cum
1466 484 1607 564 quodam
1625 486 1734 549 admi-

78 583 172 653 ·suis,
198 584 232 644 et
258 582 432 645 induentes
458 598 595 656 troium,
621 585 677 661 qui
704 586 883 646 secundum
938 583 1078 645 rationis
1096 597 1256 656 excessu,
1284 599 1324 645 ac
1355 582 1474 645 debitae
1506 584 1732 647 venerationis

85 682 194 741 Deum
205 681 336 741 creatus
344 680 436 742 estin
445 681 587 758 iustitia,
601 684 632 742 et
643 683 828 753 sanctitate,
843 683 885 743 si·
938 678 1047 741 officio
1061 680 1214 741 sollerter
1226 678 1425 753 intueamur,
1439 680 1467 742 si
1481 680 1566 743 sorte
1579 698 1639 743 nos
1654 698 1731 743 res-

84 778 885 858 cutexllibuistismembravestraservireiniqui·
937 776 1039 853 piciat
1059 777 1095 837 in
1116 776 1290 838 dulcedine
1312 794 1372 839 sua
1392 795 1554 856 pauperes
1574 783 1676 852 Deus,
1699 781 1733 847 et

85 874 147 935 tati
166 874 210 935 ad
227 868 505 952 iniquitatem,ita
525 876 588 937 ilco
602 878 751 954 tempore
766 893 885 954 accep-
938 874 1051 951 pascat
1071 890 1112 935 ne
1133 874 1326 936 deficiamus
1350 876 1385 936 in
1408 878 1463 938 via
1487 893 1552 954 qua
1573 879 1734 940 immora-

75 970 182 1031 tabili
218 970 435 1033 exhibeamus
462 989 502 1034 ca
527 974 653 1035 servire
679 975 818 1051 Justitite
849 975 883 1034 in
937 987 1022 1045 mur,
1039 972 1240 1049 reducatque
1256 973 1298 1032 ad
1314 975 1473 1034 eternam
1495 975 1732 1038 beatitudinem

84 1069 364 1142 sanctificatione,
377 1071 412 1132 ut
430 1070 593 1147 possimus
607 1072 719 1132 lavare
732 1072 885 1132 interin-
938 1084 957 1128 a
973 1083 1038 1146 qua
1056 1069 1318 1145 peregrinamur.
1340 1070 1423 1141 Quia
1447 1071 1510 1131 hoc
1531 1074 1582 1133 est
1602 1073 1731 1149 tempus

84 1170 246 1228 nocentes
258 1182 375 1228 ramnus
386 1169 516 1229 nostras
529 1172 561 1229 et
570 1184 647 1229 vere
658 1169 768 1230 dicere
777 1170 884 1230 Domi·
938 1168 1123 1243 acceptans,
1135 1169 1305 1242 acceptum
1322 1167 1355 1228 et
1368 1166 1583 1244 acceptabile,
1594 1184 1731 1231 correc-

84 1278 127 1323 no
142 1267 319 1339 :Amplius
335 1269 413 1325 leve
426 1280 492 1337 me,
502 1265 701 1337 hominene
711 1268 884 1339 traicientis
937 1263 1038 1324 tionis
1059 1263 1092 1324 et
1111 1263 1352 1325 emendationis
1366 1265 1443 1326 vitae
1466 1268 1599 1337 nostrae,
1617 1267 1650 1327 et
1670 1282 1731 1327 nos

83 1358 881 1442 mee,etepeceetomcomnndemc(Ps.50,3)'.
937 1361 1037 1437 digne
1048 1361 1268 1438 suscipiamus
1279 1362 1408 1438 tempus
1418 1361 1505 1423 istud
1514 1360 1728 1439 acceptabile,

84 1446 288 1520 Effundatnr'
305 1459 419 1535 itaque
446 1474 546 1536 super
567 1475 627 1520 nos
649 1475 735 1538 aqua
761 1461 884 1521 munda
937 1458 1034 1528 idest,
1058 1460 1187 1535 tempus
1220 1459 1558 1535 quadragesimalium
1582 1460 1732 1537 jejunio·

83 1568 142 1632 per
157 1570 260 1632 quam
274 1557 472 1616 mundemur
493 1554 535 1616 ab
557 1557 709 1618 omnibus
723 1557 884 1634 iniqnita—
937 1572 1113 1617 rumznam
1129 1558 1272 1633 quatuor
1284 1559 1362 1617 sunt
1376 1557 1504 1633 species
1513 1559 1730 1634 jejuniorum.

82 1651 171 1713 tibus
187 1652 324 1714 nostris.
339 1656 365 1713 Ο
380 1652 453 1714 ioris
472 1653 579 1726 visus,
599 1654 655 1731 qui
673 1654 819 1716 mortuus
832 1655 884 1716 vi·
937 1654 1050 1714 Prima
1063 1655 1113 1715 est
1124 1653 1325 1715 abstinentia
1340 1652 1501 1725 ciborum,
1517 1655 1662 1716 secunda
1681 1657 1733 1718 est

82 1748 209 1821 silicet,
224 1750 365 1811 -coeleste
387 1750 598 1826 profluvium,
614 1751 700 1828 quod
715 1751 881 1813 bominem
937 1750 1137 1812 abstinentia
1159 1750 1370 1811 saecularium
1388 1751 1608 1826 negotiorum,
1631 1751 1732 1813 tertia

80 1844 230 1906 deterre
246 1844 375 1908 reducit
390 1847 577 1909 adcoelum.
593 1848 706 1910 dions
722 1865 817 1926 equae
833 1865 884 1910 sa·
937 1850 988 1909 est
1008 1847 1208 1909 abstinentia
1228 1848 1395 1919 vitiorum,
1417 1848 1537 1924 quarta
1557 1848 1609 1909 est
1628 1848 1734 1910 absti-

82 1941 197 2003 iientis
227 1943 263 2003 in
285 1943 392 2004 utinm
427 1946 596 2015 aeternam,
627 1961 701 2022 quae
736 1947 881 2007 animam
936 1944 1252 2006 uentiaverberum.

83 2039 174 2116 rapit
196 2029 367 2101 alieniore
390 2042 563 2118 praesentis
577 2043 656 2104 uitae
671 2044 711 2103 ad
727 2044 880 2105 artiorem
975 2042 1088 2102 Prima
1111 2043 1164 2103 θεῖ
1191 2040 1391 2103 abstinentia
1420 2040 1583 2111 ciberum,
1601 2042 1732 2118 quando

81 2135 228 2199 eoelestis
242 2137 376 2214 patriae!
391 2141 416 2199 O
430 2138 518 2200 unda
531 2140 711 2216 puriilcans
727 2140 766 2202 ad
782 2157 881 2218 quam
934 2139 1033 2200 hemo
1049 2155 1115 2200 nen
1131 2138 1238 2199 solum
1253 2139 1384 2215 jejunat
1404 2154 1424 2199 a
1444 2137 1600 2199 carnibus
1621 2141 1655 2200 et
1669 2139 1734 2199 hu·

78 2247 156 2293 cum
171 2234 341 2296 desiderat
355 2236 467 2296 aniana
482 2237 646 2312 poenitens
662 2238 748 2299 stent
762 2254 880 2299 cervus
931 2235 1079 2312 jusmodi
1101 2234 1252 2296 delicatis
1272 2234 1418 2306 cibariis,
1440 2234 1498 2294 sed
1519 2235 1619 2295 etiam
1642 2237 1731 2296 tem-

81 2328 252 2393 desiderat
269 2331 309 2391 ad
325 2330 432 2393 fontes
447 2348 619 2409 aquarum,
634 2334 830 2409 purificatur
849 2335 882 2395 et
934 2331 1121 2409 perantiam
1141 2331 1178 2391 in
1201 2330 1355 2391 omnibus
1383 2330 1466 2392 cibis
1490 2333 1610 2393 servat
1640 2331 1733 2394 Unde

78 2427 267 2489 renovatur
280 2428 368 2489 sicu-t
381 2429 663 2507 aquilajuventus
677 2447 748 2491 sua.
934 2429 970 2489 in
1003 2427 1184 2505 Evangelio
1214 2448 1222 2489 ε
1251 2428 1428 2491 Attendite
1461 2443 1505 2490 ne
1539 2429 1733 2505 enecentur

116 2528 222 2600 Ergo,
248 2525 378 2597 iratres,
400 2541 598 2588 verteremur
619 2527 798 2591 bonitatem
820 2528 880 2589 Dei
933 2529 1039 2588 eorde
1052 2528 1172 2589 cestre
1185 2529 1223 2587 in
1241 2530 1384 2599 crepme
1402 2527 1437 2588 et
1455 2526 1621 2588 ebrietate
1636 2523 1731 2606 (Luc.
1758 2510 1765 2522 ’

76 2637 154 2698 quae
178 2622 311 2697 vegetat
331 2622 364 2684 θῖ
386 2623 534 2686 viviticat
559 2625 681 2697 omnia,
709 2624 880 2702 magnitu-
933 2638 1005 2696 xxa
1025 2620 1091 2703 31).
1110 2623 1151 2685 Εῖ
1171 2622 1425 2685 Ecclesiasticus
1446 2644 1454 2683 ε
1474 2624 1629 2699 Propter
1645 2639 1730 2686 cra-

76 2719 195 2779 dinem
210 2710 284 2797 quae
297 2720 415 2797 replet,
429 2721 563 2798 expedit
576 2722 609 2783 et
623 2723 742 2785 circuit
755 2723 877 2796 omnia,
930 2727 1050 2798 meam
1066 2723 1167 2784 multi
1182 2722 1367 2795 perterrent
1387 2719 1490 2800 (Eecl.
1512 2736 1644 2794 xxxvii,
1660 2721 1728 2802 31).

77 2813 308 2879 fortitudinem
334 2834 408 2895 quae
428 2820 548 2896 portat,
566 2821 677 2882 tuetur
690 2837 730 2882 ac
748 2821 880 2882 edomat
933 2819 972 2880 nt
994 2818 1067 2880 Joel
1095 2818 1260 2895 Propheta
1281 2841 1294 2878 λε
1314 2819 1533 2891 Sanctificate
1552 2822 1732 2893 jejunium

78 2914 192 2974 omnia
209 2934 217 2974 ε
233 2915 413 2991 potentiam
441 2933 515 2993 quae
541 2917 696 2994 disponit,
720 2919 877 2979 modera-
933 2913 1031 2994 (doei.
1048 2931 1083 2988 11,
1101 2914 1165 2994 15).
1180 2915 1350 2993 Jejunium
1365 2916 1575 2978 sanctificare
1589 2918 1640 2979 est
1654 2932 1730 2978 cum

76 3009 149 3082 tar,
189 3010 352 3086 gubernat
379 3014 506 3086 omnia,
529 3014 668 3076 intuitus
692 3016 744 3075 sui
777 3015 878 3077 clari-
931 3028 1088 3074 mensura
1104 3015 1138 3075 et
1156 3013 1229 3074 sine
1250 3014 1409 3075 aviditate
1430 3014 1620 3087 comedere,
1643 3015 1732 3077 alio-

78 3106 180 3170 tatem
204 3110 330 3197 secreta
352 3110 451 3171 etiam
473 3110 622 3173 cordium
636 3113 876 3189 penetrantem,
932 3111 1011 3188 quin
1035 3128 1102 3173 non
1130 3110 1181 3172 est
1209 3112 1360 3170 sanctum
1384 3111 1565 3187 jejunium,
1584 3110 1641 3172 sed
1660 3112 1729 3172 im-

81 3204 112 3266 et
137 3205 315 3267 obscuram
345 3207 494 3270 scientiae
517 3225 585 3270 suae
607 3210 875 3283 immensitatem,
931 3208 1100 3268 mundum.
1126 3208 1205 3269 Sine
1219 3207 1388 3278 aviditate,
1410 3208 1488 3284 quia
1503 3210 1611 3284 major
1631 3209 1730 3285 culpa

80 3301 205 3375 stellas,
222 3319 358 3365 arenam
375 3305 732 3382 maris,pluuias,dies,
749 3308 875 3379 noctes,
932 3306 1076 3366 osteum
1101 3319 1221 3379 magno
1243 3303 1409 3363 desiderio
1435 3303 1608 3365 comedere
1627 3305 1729 3368 uilem

80 3397 180 3460 boras
195 3401 380 3478 caeteraque
403 3400 602 3463 saeculorum
622 3404 770 3478 tempora
785 3419 877 3480 prae·
932 3401 1052 3473 cibum,
1073 3416 1172 3478 quam
1196 3399 1269 3461 sine
1292 3400 1512 3463 delectatione
1531 3401 1726 3478 pretiosum.

83 3494 376 3573 terita,praesentia
386 3497 878 3575 etiuturacemprehendentem
932 3500 1012 3560 Cum
1023 3513 1189 3569 mensura,
1206 3498 1283 3576 quia
1300 3512 1365 3558 non
1380 3497 1537 3559 debemus
1554 3499 1728 3562 comedere

81 3588 111 3651 in
129 3594 435 3679 numere,pondere
450 3594 483 3656 et
497 3610 665 3665 mensura,
682 3597 877 3658 immensam
932 3595 998 3656 nisi
1022 3595 1064 3656 ad
1093 3595 1365 3658 sustentationem
1389 3596 1548 3672 corporis.
1576 3597 1728 3660 Secunda

81 3702 210 3767 quicque
224 3693 307 3767 ejus,
318 3707 391 3768 quae
401 3708 468 3753 non
479 3691 681 3766 exinanitur,
692 3694 878 3755 misericor·
931 3694 1057 3770 species
1071 3694 1122 3754 est
1131 3693 1343 3754 saecularium
1357 3693 1576 3768 negotiorum,
1594 3694 1726 3772 quando

81 3783 164 3847 diam
175 3786 439 3865 qaam-innumera
455 3789 581 3866 flagitia
597 3791 806 3868 quaesinguli
820 3791 878 3852 bo·
930 3791 1028 3851 bomo
1055 3791 1202 3852 continet
1227 3805 1263 3851 se
1289 3806 1310 3879 a
1335 3789 1432 3853 maiis
1457 3791 1599 3867 negotiis
1626 3792 1726 3869 liujus

82 3882 183 3944 mines
196 3885 253 3961 qui
265 3884 326 3945 sub
338 3885 443 3962 ipsius
458 3887 805 3950 continenturintuitu
821 3904 877 3966 pa·
930 3887 1055 3960 saeculi,
1078 3887 1112 3949 et
1136 3903 1156 3948 a
1179 3886 1330 3965 turpibus
1358 3884 1471 3949 lucris.
1497 3887 1592 3950 Unde
1617 3891 1727 3965 Apos-

83 3976 246 4052 trant,n0n
255 3982 360 4042 solum
367 3982 702 4059 patienterintolerat,
711 3986 874 4047 sedetiam
928 3984 1015 4046 tolus
1032 4006 1040 4045 ε
1058 3989 1170 4048 Nemo
1187 3986 1342 4047 militaus
1356 3989 1426 4048 Deo
1443 3986 1597 4059 implicet
1612 4000 1649 4047 se
1664 4000 1727 4047 ne-

83 4073 258 4139 clementer
267 4078 425 4155 indulget,
436 4080 639 4143 ineffabilem
652 4098 725 4160 quae
737 4099 803 4144 non
813 4099 876 4144 ex·
927 4083 1030 4158 cottis·
1043 4085 1265 4144 scectdaribccs
1279 4080 1325 4160 (ΙΙ
1336 4083 1420 4143 Tim.
1434 4096 1471 4153 11,
1487 4079 1533 4160 4).
1549 4082 1661 4143 Tertia
1675 4082 1727 4145 est

83 4168 232 4236 hauritur
246 4192 315 4237 suae
328 4176 491 4253 largitatis
504 4177 711 4252 effusionem,
724 4180 874 4257 sineque
928 4179 1128 4240 abstinentia
1146 4177 1303 4239 vitiorum
1325 4174 1458 4256 quando
1478 4179 1576 4240 homo
1592 4181 1726 4257 jejunat

83 4266 162 4330 nilnl
173 4272 296 4345 existit,
308 4289 381 4351 quae
391 4275 569 4351 participat
581 4275 739 4353 quidquid
751 4275 873 4339 bonum
928 4274 1064 4346 avitiis,
1081 4274 1308 4352 sieutjejunat
1321 4274 1448 4346 scibis,
1461 4274 1539 4351 quia
1554 4290 1622 4337 non
1633 4275 1726 4339 valet

84 4364 247 4443 subsistit,
270 4370 456 4432 mirabilem
479 4387 549 4432 suae
571 4373 873 4448 praedestinationis
924 4372 1089 4449 jejunium
1104 4387 1124 4433 a
1141 4370 1235 4442 cibis,
1248 4371 1277 4430 si
1289 4386 1356 4431 non
1366 4372 1498 4447 jejunat
1511 4386 1532 4431 a
1546 4371 1652 4433 vitiis.
1670 4372 1726 4433 Sic

84 4464 286 4527 exactionem
310 4484 376 4545 qua
405 4468 582 4529 nonnullos
615 4469 876 4532 misericorditer
928 4470 1016 4530 enim
1031 4485 1051 4529 a
1066 4468 1149 4530 cibis
1157 4469 1349 4545 jejunemus
1367 4467 1404 4529 in
1423 4482 1572 4543 corpore,
1590 4467 1676 4544 qued
1689 4470 1726 4532 et

84 4564 876 4643 euocat,J'ustiilcat,coronatingloriamrguitter-
928 4583 948 4628 a
979 4566 1071 4628 vitiis
1106 4567 1295 4643 ieiunemus
1333 4564 1370 4625 in
1402 4561 1530 4642 {menta
1566 4566 1725 4641 Magnum

84 4653 230 4733 ribiliter,
244 4660 384 4724 obdurat
405 4662 550 4737 flamma,
567 4664 763 4726 condemnat
779 4680 875 4727 exac·
927 4664 1031 4741 igitur
1055 4665 1089 4726 et
1116 4662 1263 4724 salutare
1279 4660 1446 4739 jejunium
1474 4661 1526 4723 est
1555 4661 1725 4727 declinare

84 4749 181 4832 toria;
203 4757 486 4835 dispensationem
508 4760 607 4822 etiam
633 4761 873 4824 incarnationis
928 4761 1062 4833 avitiis,
1076 4760 1224 4839 alioquin
1246 4774 1314 4821 non
1332 4759 1382 4821 est
1397 4760 1725 4839 sanctumjejunium

86 4861 148 4912 sua
164 4869 228 4931 qua
245 4871 280 4917 se
299 4855 478 4918 humiliare
492 4857 647 4933 dignatus
666 4860 716 4921 est
730 4860 770 4921 ad
788 4875 873 4921 cen·
927 4858 985 4920 sed
1002 4858 1219 4919 immundum.
1238 4857 1332 4920 Unde
1352 4858 1484 4920 Petrus:
1499 4860 1644 4922 Obsecro
1662 4876 1726 4924 eoa

85 4948 264 5013 versionem
287 4952 458 5014 hominum
479 4956 516 5016 ut
536 4955 688 5017 immines
711 4957 875 5019 exaltaret
929 4957 1094 5032 tanquam
1107 4959 1260 5018 advenas
1282 4956 1316 5017 et
1325 4958 1534 5032 pereqetnos
1551 4958 1726 5021 metuere

87 5040 782 5131 adcenditionerniingelorum3passionem,
797 5070 875 5116 cru·
927 5069 988 5116 cos
1002 5069 1024 5116 a
1037 5042 1234 5116 sementibus
1260 5056 1452 5125 desideriis,
1476 5069 1552 5128 quae
1573 5055 1728 5117 melitani

86 5150 150 5201 cem
184 5162 249 5224 qua
283 5147 447 5210 elementa
487 5152 706 5222 renovantur,
743 5150 873 5213 inferna
927 5155 1096 5214 adversam
1122 5154 1278 5213 acturam
1297 5149 1430 5230 (Petrus
1458 5166 1496 5224 11,
1518 5148 1583 5229 11).
1602 5149 1727 5222 Quarta

86 5241 314 5317 remediantur,
331 5272 334 5277 ⁴
349 5246 461 5322 angeli
497 5246 783 5323 redintegrantur,
810 5248 874 5309 ho-
928 5249 978 5311 est
992 5248 1193 5310 abstinentia
1205 5247 1393 5320 verborum,
1406 5245 1537 5324 quando
1548 5246 1647 5307 home
1658 5261 1726 5311 non

85 5331 183 5397 mines
216 5341 409 5420 salvantur3
438 5343 576 5406 mortem
605 5345 802 5422 piissimam,
818 5361 875 5406 re·
927 5347 1023 5408 curat
1057 5344 1100 5407 de
1132 5345 1254 5418 fabulis
1288 5346 1343 5408 uel
1378 5343 1588 5406 cantionibus
1623 5343 1728 5418 hujus

89 5437 328 5513 surrectionem,
340 5442 568 5504 ascensionem
590 5443 623 5504 et
637 5443 759 5505 caetera
782 5458 874 5520 mys·
927 5443 1059 5516 mundi,
1085 5444 1143 5506 aut
1163 5442 1193 5504 si
1216 5443 1339 5522 aliquis
1357 5440 1537 5519 injuriatur
1556 5439 1599 5500 ei.
1631 5439 1727 5502 Unde

88 5520 236 5596 teriorum
250 5535 396 5612 insignia
410 5554 536 5615 suaque
549 5538 733 5602 divinitatis
748 5538 872 5602 indicia
926 5541 1090 5604 ieremias
1111 5562 1119 5602 :
1140 5543 1248 5605 odem
1273 5545 1476 5603 succensam
1497 5549 1559 5612 eqo
1582 5538 1681 5601 uideo
1703 5554 1728 5602 e

89 5629 155 5694 ille
176 5645 234 5707 pro
260 5633 500 5697 nummosiuse
523 5651 589 5698 nen
611 5651 787 5714 possumus
812 5635 878 5700 sub
909 5640 1017 5714 ‚fecte
1030 5641 1200 5715 equdcets
1214 5635 1350 5717 (ierem.
1373 5630 1483 5713 1,13).
1507 5633 1580 5699 Oiia
1599 5636 1651 5699 est
1668 5651 1728 5700 cor
