<?xml version="1.0" encoding="UTF-8"?>
<!DOCTYPE html PUBLIC "-//W3C//DTD XHTML 1.0 Transitional//EN"
    "http://www.w3.org/TR/xhtml1/DTD/xhtml1-transitional.dtd">
<html xmlns="http://www.w3.org/1999/xhtml" xml:lang="en" lang="en">
 <head>
  <title>
</title>
<meta http-equiv="Content-Type" content="text/html;charset=utf-8" />
  <meta name='ocr-system' content='tesseract 3.04.00' />
  <meta name='ocr-capabilities' content='ocr_page ocr_carea ocr_par ocr_line ocrx_word'/>
</head>
<body>
  <div class='ocr_page' id='page_1' title='image "./mediiaevibiblio07bottgoog_0255.png"; bbox 0 0 3936 6192; ppageno 0'>
   <div class='ocr_carea' id='block_1_1' title="bbox 216 307 1853 381">
    <p class='ocr_par' dir='ltr' id='par_1_1' title="bbox 216 307 1853 381">
     <span class='ocr_line' id='line_1_1' title="bbox 216 307 1853 381; baseline -0.006 -5"><span class='ocrx_word' id='word_1_1' title='bbox 216 317 272 376; x_wconf 79' lang='grc'><strong>131</strong></span> <span class='ocrx_word' id='word_1_2' title='bbox 836 307 1012 372; x_wconf 81' lang='lat' dir='ltr'><strong>aouoan</strong></span> <span class='ocrx_word' id='word_1_3' title='bbox 1033 310 1078 371; x_wconf 90' lang='lat'><strong>111</strong></span> <span class='ocrx_word' id='word_1_4' title='bbox 1101 310 1250 373; x_wconf 78' lang='lat' dir='ltr'><strong>ornan.</strong></span> <span class='ocrx_word' id='word_1_5' title='bbox 1801 321 1853 381; x_wconf 79' lang='lat' dir='ltr'><strong>ra</strong></span> 
     </span>
    </p>
   </div>
   <div class='ocr_carea' id='block_1_2' title="bbox 217 469 1854 842">
    <p class='ocr_par' dir='ltr' id='par_1_2' title="bbox 217 469 1854 842">
     <span class='ocr_line' id='line_1_2' title="bbox 257 469 1854 550; baseline 0.003 -15"><span class='ocrx_word' id='word_1_6' title='bbox 257 477 295 535; x_wconf 91' lang='lat' dir='ltr'><strong>ln</strong></span> <span class='ocrx_word' id='word_1_7' title='bbox 310 474 443 535; x_wconf 91' lang='lat' dir='ltr'><strong>nomine</strong></span> <span class='ocrx_word' id='word_1_8' title='bbox 454 474 577 534; x_wconf 90' lang='lat' dir='ltr'><strong>sanctae</strong></span> <span class='ocrx_word' id='word_1_9' title='bbox 592 473 625 533; x_wconf 88' lang='lat' dir='ltr'><strong>et</strong></span> <span class='ocrx_word' id='word_1_10' title='bbox 635 470 815 532; x_wconf 83' lang='lat' dir='ltr'><strong>individuae</strong></span> <span class='ocrx_word' id='word_1_11' title='bbox 826 469 1010 542; x_wconf 78' lang='lat' dir='ltr'><strong>Trinitatis,</strong></span> <span class='ocrx_word' id='word_1_12' title='bbox 1066 469 1484 548; x_wconf 86' lang='lat' dir='ltr'><strong>luerocoronamadeptus.</strong></span> <span class='ocrx_word' id='word_1_13' title='bbox 1497 472 1672 550; x_wconf 79' lang='lat' dir='ltr'><strong>Principes</strong></span> <span class='ocrx_word' id='word_1_14' title='bbox 1683 477 1791 538; x_wconf 84' lang='lat' dir='ltr'><strong>aulem</strong></span> <span class='ocrx_word' id='word_1_15' title='bbox 1802 480 1854 543; x_wconf 89' lang='lat' dir='ltr'><strong>im·</strong></span> 
     </span>
     <span class='ocr_line' id='line_1_3' title="bbox 218 566 1851 648; baseline 0.001 -15"><span class='ocrx_word' id='word_1_16' title='bbox 218 588 327 633; x_wconf 90' lang='lat' dir='ltr'><strong>amen.</strong></span> <span class='ocrx_word' id='word_1_17' title='bbox 343 574 413 648; x_wconf 82' lang='lat' dir='ltr'><strong>Ego</strong></span> <span class='ocrx_word' id='word_1_18' title='bbox 427 571 625 633; x_wconf 84' lang='lat' dir='ltr'><strong>Frederious</strong></span> <span class='ocrx_word' id='word_1_19' title='bbox 640 568 816 641; x_wconf 90' lang='lat' dir='ltr'><strong>secundus,</strong></span> <span class='ocrx_word' id='word_1_20' title='bbox 830 569 890 630; x_wconf 90' lang='lat' dir='ltr'><strong>Dei</strong></span> <span class='ocrx_word' id='word_1_21' title='bbox 903 568 1011 644; x_wconf 80' lang='lat' dir='ltr'><strong>gratia</strong></span> <span class='ocrx_word' id='word_1_22' title='bbox 1067 567 1151 644; x_wconf 93' lang='lat' dir='ltr'><strong>perii</strong></span> <span class='ocrx_word' id='word_1_23' title='bbox 1174 568 1208 629; x_wconf 91' lang='lat' dir='ltr'><strong>et</strong></span> <span class='ocrx_word' id='word_1_24' title='bbox 1234 566 1378 641; x_wconf 90' lang='lat' dir='ltr'><strong>nobiles,</strong></span> <span class='ocrx_word' id='word_1_25' title='bbox 1407 584 1520 630; x_wconf 88' lang='lat' dir='ltr'><strong>coram</strong></span> <span class='ocrx_word' id='word_1_26' title='bbox 1540 569 1660 647; x_wconf 88' lang='lat' dir='ltr'><strong>quibus</strong></span> <span class='ocrx_word' id='word_1_27' title='bbox 1682 573 1807 648; x_wconf 75' lang='lat' dir='ltr'><strong>juravi,</strong></span> <span class='ocrx_word' id='word_1_28' title='bbox 1830 579 1851 638; x_wconf 83' lang='lat' dir='ltr'><strong>il</strong></span> 
     </span>
     <span class='ocr_line' id='line_1_4' title="bbox 217 665 1853 747; baseline 0.001 -15"><span class='ocrx_word' id='word_1_29' title='bbox 217 673 443 732; x_wconf 88' lang='lat' dir='ltr'><strong>Romanorum</strong></span> <span class='ocrx_word' id='word_1_30' title='bbox 468 685 540 742; x_wconf 82' lang='lat' dir='ltr'><strong>rex,</strong></span> <span class='ocrx_word' id='word_1_31' title='bbox 567 683 698 747; x_wconf 88' lang='lat' dir='ltr'><strong>semper</strong></span> <span class='ocrx_word' id='word_1_32' title='bbox 715 668 877 744; x_wconf 75' lang='lat' dir='ltr'><strong>auginstus</strong></span> <span class='ocrx_word' id='word_1_33' title='bbox 900 666 1013 728; x_wconf 86' lang='lat' dir='ltr'><strong>atrax</strong></span> <span class='ocrx_word' id='word_1_34' title='bbox 1067 668 1145 726; x_wconf 88' lang='lat' dir='ltr'><strong>sunt</strong></span> <span class='ocrx_word' id='word_1_35' title='bbox 1159 686 1168 725; x_wconf 71' lang='grc' dir='ltr'><em>ε</em></span> <span class='ocrx_word' id='word_1_36' title='bbox 1181 665 1345 726; x_wconf 84' lang='lat' dir='ltr'><strong>Eenricus</strong></span> <span class='ocrx_word' id='word_1_37' title='bbox 1358 665 1561 741; x_wconf 76' lang='lat' dir='ltr'><strong>mgentinus</strong></span> <span class='ocrx_word' id='word_1_38' title='bbox 1572 668 1758 746; x_wconf 88' lang='lat' dir='ltr'><strong>episcopus,</strong></span> <span class='ocrx_word' id='word_1_39' title='bbox 1771 674 1853 734; x_wconf 84' lang='lat' dir='ltr'><strong>lien-</strong></span> 
     </span>
     <span class='ocr_line' id='line_1_5' title="bbox 217 761 1851 842; baseline 0.002 -14"><span class='ocrx_word' id='word_1_40' title='bbox 217 766 651 839; x_wconf 84' lang='lat' dir='ltr'><strong>Siciltae,tibid0mlnomeo</strong></span> <span class='ocrx_word' id='word_1_41' title='bbox 664 763 1012 841; x_wconf 87' lang='lat' dir='ltr'><strong>sanctissimoetpatri</strong></span> <span class='ocrx_word' id='word_1_42' title='bbox 1067 761 1156 824; x_wconf 91' lang='lat' dir='ltr'><strong>ricus</strong></span> <span class='ocrx_word' id='word_1_43' title='bbox 1183 763 1379 825; x_wconf 83' lang='lat' dir='ltr'><strong>Basiliensis</strong></span> <span class='ocrx_word' id='word_1_44' title='bbox 1408 764 1600 842; x_wconf 86' lang='lat' dir='ltr'><strong>episcopus,</strong></span> <span class='ocrx_word' id='word_1_45' title='bbox 1629 764 1731 828; x_wconf 85' lang='lat' dir='ltr'><strong>abbas</strong></span> <span class='ocrx_word' id='word_1_46' title='bbox 1756 772 1851 833; x_wconf 83' lang='lat' dir='ltr'><strong>sancii</strong></span> 
     </span>
    </p>
   </div>
   <div class='ocr_carea' id='block_1_3' title="bbox 216 859 1948 941">
    <p class='ocr_par' dir='ltr' id='par_1_3' title="bbox 216 859 1948 941">
     <span class='ocr_line' id='line_1_6' title="bbox 216 859 1948 941; baseline 0.001 -14"><span class='ocrx_word' id='word_1_47' title='bbox 216 866 389 927; x_wconf 88' lang='lat' dir='ltr'><strong>carissimo</strong></span> <span class='ocrx_word' id='word_1_48' title='bbox 399 865 546 927; x_wconf 88' lang='lat' dir='ltr'><strong>Honorio</strong></span> <span class='ocrx_word' id='word_1_49' title='bbox 557 868 658 941; x_wconf 87' lang='lat' dir='ltr'><strong>Papae</strong></span> <span class='ocrx_word' id='word_1_50' title='bbox 669 863 780 936; x_wconf 88' lang='lat' dir='ltr'><strong>tertio,</strong></span> <span class='ocrx_word' id='word_1_51' title='bbox 790 863 922 940; x_wconf 84' lang='lat' dir='ltr'><strong>tuisque</strong></span> <span class='ocrx_word' id='word_1_52' title='bbox 935 877 1013 922; x_wconf 88' lang='lat' dir='ltr'><strong>suc·</strong></span> <span class='ocrx_word' id='word_1_53' title='bbox 1066 860 1164 934; x_wconf 78' lang='grc'>(13111,</span> <span class='ocrx_word' id='word_1_54' title='bbox 1184 863 1281 938; x_wconf 78' lang='lat' dir='ltr'><strong>Engo</strong></span> <span class='ocrx_word' id='word_1_55' title='bbox 1300 859 1403 922; x_wconf 84' lang='lat' dir='ltr'><strong>abbas</strong></span> <span class='ocrx_word' id='word_1_56' title='bbox 1426 861 1666 934; x_wconf 87' lang='lat' dir='ltr'><strong>Morbacensis,</strong></span> <span class='ocrx_word' id='word_1_57' title='bbox 1689 863 1852 928; x_wconf 77' lang='lat' dir='ltr'><strong>Goliradus</strong></span> <span class='ocrx_word' id='word_1_58' title='bbox 1947 898 1948 905; x_wconf 44' lang='lat'>1</span> 
     </span>
    </p>
   </div>
   <div class='ocr_carea' id='block_1_4' title="bbox 216 956 1852 1244">
    <p class='ocr_par' dir='ltr' id='par_1_4' title="bbox 216 956 1852 1244">
     <span class='ocr_line' id='line_1_7' title="bbox 216 956 1850 1047; baseline -0.001 -14"><span class='ocrx_word' id='word_1_59' title='bbox 216 971 785 1042; x_wconf 78' lang='lat' dir='ltr'><strong>caesoribusetEcclesiaeRomanae,</strong></span> <span class='ocrx_word' id='word_1_60' title='bbox 793 966 1011 1047; x_wconf 84' lang='lat' dir='ltr'><strong>praesentibus</strong></span> <span class='ocrx_word' id='word_1_61' title='bbox 1065 956 1222 1020; x_wconf 67' lang='grc'>1111113110</span> <span class='ocrx_word' id='word_1_62' title='bbox 1242 957 1442 1031; x_wconf 61' lang='lat' dir='ltr'><strong>Wiczihum</strong></span> <span class='ocrx_word' id='word_1_63' title='bbox 1464 958 1633 1032; x_wconf 59' lang='lat' dir='ltr'><strong>mallius,</strong></span> <span class='ocrx_word' id='word_1_64' title='bbox 1652 960 1722 1023; x_wconf 76' lang='lat'>(1111</span> <span class='ocrx_word' id='word_1_65' title='bbox 1735 964 1850 1025; x_wconf 71' lang='lat' dir='ltr'><strong>Isollla·</strong></span> 
     </span>
     <span class='ocr_line' id='line_1_8' title="bbox 216 1063 1852 1147; baseline 0.001 -18"><span class='ocrx_word' id='word_1_66' title='bbox 216 1069 390 1147; x_wconf 87' lang='lat' dir='ltr'><strong>suscriptis</strong></span> <span class='ocrx_word' id='word_1_67' title='bbox 404 1068 610 1146; x_wconf 89' lang='lat' dir='ltr'><strong>principibus</strong></span> <span class='ocrx_word' id='word_1_68' title='bbox 624 1068 756 1146; x_wconf 88' lang='lat' dir='ltr'><strong>imperii</strong></span> <span class='ocrx_word' id='word_1_69' title='bbox 775 1065 809 1129; x_wconf 87' lang='lat' dir='ltr'><strong>et</strong></span> <span class='ocrx_word' id='word_1_70' title='bbox 830 1065 1008 1138; x_wconf 85' lang='lat' dir='ltr'><strong>nobilibus,</strong></span> <span class='ocrx_word' id='word_1_71' title='bbox 1064 1063 1195 1141; x_wconf 77' lang='lat' dir='ltr'><strong>single,</strong></span> <span class='ocrx_word' id='word_1_72' title='bbox 1211 1078 1322 1127; x_wconf 85' lang='lat' dir='ltr'><strong>acmes</strong></span> <span class='ocrx_word' id='word_1_73' title='bbox 1343 1067 1455 1140; x_wconf 81' lang='lat' dir='ltr'><strong>Egeno</strong></span> <span class='ocrx_word' id='word_1_74' title='bbox 1469 1065 1510 1127; x_wconf 91' lang='lat' dir='ltr'><strong>de</strong></span> <span class='ocrx_word' id='word_1_75' title='bbox 1528 1066 1650 1138; x_wconf 87' lang='lat' dir='ltr'><strong>Urahc,</strong></span> <span class='ocrx_word' id='word_1_76' title='bbox 1672 1083 1782 1129; x_wconf 86' lang='lat' dir='ltr'><strong>eomes</strong></span> <span class='ocrx_word' id='word_1_77' title='bbox 1795 1071 1852 1132; x_wconf 82' lang='lat' dir='ltr'><strong>ln-</strong></span> 
     </span>
     <span class='ocr_line' id='line_1_9' title="bbox 216 1161 1851 1244; baseline 0 -16"><span class='ocrx_word' id='word_1_78' title='bbox 216 1167 373 1244; x_wconf 85' lang='lat' dir='ltr'><strong>spondeo,</strong></span> <span class='ocrx_word' id='word_1_79' title='bbox 393 1166 562 1244; x_wconf 90' lang='lat' dir='ltr'><strong>polliceor,</strong></span> <span class='ocrx_word' id='word_1_80' title='bbox 583 1167 750 1244; x_wconf 84' lang='lat' dir='ltr'><strong>promitte,</strong></span> <span class='ocrx_word' id='word_1_81' title='bbox 768 1165 802 1228; x_wconf 90' lang='lat' dir='ltr'><strong>et</strong></span> <span class='ocrx_word' id='word_1_82' title='bbox 816 1167 907 1243; x_wconf 79' lang='lat' dir='ltr'><strong>juro,</strong></span> <span class='ocrx_word' id='word_1_83' title='bbox 923 1163 1011 1242; x_wconf 81' lang='lat' dir='ltr'><strong>quod</strong></span> <span class='ocrx_word' id='word_1_84' title='bbox 1065 1161 1214 1225; x_wconf 78' lang='lat' dir='ltr'><strong>dowicus</strong></span> <span class='ocrx_word' id='word_1_85' title='bbox 1226 1163 1266 1225; x_wconf 91' lang='lat' dir='ltr'><strong>de</strong></span> <span class='ocrx_word' id='word_1_86' title='bbox 1281 1162 1471 1235; x_wconf 83' lang='lat' dir='ltr'><strong>Wirtiberc,</strong></span> <span class='ocrx_word' id='word_1_87' title='bbox 1488 1179 1599 1226; x_wconf 87' lang='lat' dir='ltr'><strong>comes</strong></span> <span class='ocrx_word' id='word_1_88' title='bbox 1614 1165 1806 1227; x_wconf 77' lang='lat' dir='ltr'><strong>Everardus</strong></span> <span class='ocrx_word' id='word_1_89' title='bbox 1817 1166 1851 1229; x_wconf 90' lang='lat' dir='ltr'><strong>de</strong></span> 
     </span>
    </p>
   </div>
   <div class='ocr_carea' id='block_1_5' title="bbox 216 1259 1948 1642">
    <p class='ocr_par' dir='ltr' id='par_1_5' title="bbox 216 1259 1948 1642">
     <span class='ocr_line' id='line_1_10' title="bbox 216 1259 1948 1342; baseline -0.002 -15"><span class='ocrx_word' id='word_1_90' title='bbox 216 1281 331 1327; x_wconf 89' lang='lat' dir='ltr'><strong>omnes</strong></span> <span class='ocrx_word' id='word_1_91' title='bbox 354 1264 592 1342; x_wconf 90' lang='lat' dir='ltr'><strong>possessiones,</strong></span> <span class='ocrx_word' id='word_1_92' title='bbox 621 1263 776 1336; x_wconf 86' lang='lat' dir='ltr'><strong>bonores,</strong></span> <span class='ocrx_word' id='word_1_93' title='bbox 801 1264 834 1325; x_wconf 89' lang='lat' dir='ltr'><strong>et</strong></span> <span class='ocrx_word' id='word_1_94' title='bbox 850 1265 929 1340; x_wconf 80' lang='lat' dir='ltr'><strong>jura</strong></span> <span class='ocrx_word' id='word_1_95' title='bbox 949 1264 1012 1324; x_wconf 84' lang='lat' dir='ltr'><strong>Ro·</strong></span> <span class='ocrx_word' id='word_1_96' title='bbox 1064 1260 1259 1333; x_wconf 87' lang='lat' dir='ltr'><strong>Helflnsten‚</strong></span> <span class='ocrx_word' id='word_1_97' title='bbox 1282 1259 1447 1322; x_wconf 88' lang='lat' dir='ltr'><strong>Henricus</strong></span> <span class='ocrx_word' id='word_1_98' title='bbox 1470 1259 1511 1323; x_wconf 91' lang='lat' dir='ltr'><strong>de</strong></span> <span class='ocrx_word' id='word_1_99' title='bbox 1537 1261 1661 1335; x_wconf 77' lang='lat' dir='ltr'><strong>Nill’en,</strong></span> <span class='ocrx_word' id='word_1_100' title='bbox 1682 1263 1717 1324; x_wconf 90' lang='lat' dir='ltr'><strong>et</strong></span> <span class='ocrx_word' id='word_1_101' title='bbox 1737 1279 1848 1341; x_wconf 75' lang='grc'>11113111-</span> <span class='ocrx_word' id='word_1_102' title='bbox 1947 1336 1948 1341; x_wconf 10' lang='lat'>1</span> 
     </span>
     <span class='ocr_line' id='line_1_11' title="bbox 216 1356 1948 1441; baseline -0.003 -17"><span class='ocrx_word' id='word_1_103' title='bbox 216 1379 324 1425; x_wconf 90' lang='lat' dir='ltr'><strong>manae</strong></span> <span class='ocrx_word' id='word_1_104' title='bbox 343 1362 511 1435; x_wconf 80' lang='lat' dir='ltr'><strong>Ecclesiae,</strong></span> <span class='ocrx_word' id='word_1_105' title='bbox 533 1378 593 1441; x_wconf 88' lang='lat' dir='ltr'><strong>pro</strong></span> <span class='ocrx_word' id='word_1_106' title='bbox 612 1378 709 1439; x_wconf 90' lang='lat' dir='ltr'><strong>posse</strong></span> <span class='ocrx_word' id='word_1_107' title='bbox 728 1376 812 1434; x_wconf 89' lang='lat' dir='ltr'><strong>meo,</strong></span> <span class='ocrx_word' id='word_1_108' title='bbox 837 1360 925 1423; x_wconf 88' lang='lat' dir='ltr'><strong>bona</strong></span> <span class='ocrx_word' id='word_1_109' title='bbox 946 1359 1011 1421; x_wconf 86' lang='lat' dir='ltr'><strong>tide</strong></span> <span class='ocrx_word' id='word_1_110' title='bbox 1065 1357 1177 1435; x_wconf 90' lang='lat' dir='ltr'><strong>plures</strong></span> <span class='ocrx_word' id='word_1_111' title='bbox 1189 1357 1259 1420; x_wconf 89' lang='lat' dir='ltr'><strong>alii.</strong></span> <span class='ocrx_word' id='word_1_112' title='bbox 1280 1358 1398 1421; x_wconf 83' lang='lat' dir='ltr'><strong>Actum</strong></span> <span class='ocrx_word' id='word_1_113' title='bbox 1420 1358 1508 1436; x_wconf 87' lang='lat' dir='ltr'><strong>apud</strong></span> <span class='ocrx_word' id='word_1_114' title='bbox 1529 1361 1757 1435; x_wconf 76' lang='lat' dir='ltr'><strong>Hagenowem</strong></span> <span class='ocrx_word' id='word_1_115' title='bbox 1773 1376 1850 1426; x_wconf 92' lang='lat' dir='ltr'><strong>anno</strong></span> <span class='ocrx_word' id='word_1_116' title='bbox 1947 1356 1948 1419; x_wconf 68' lang='lat'>3</span> 
     </span>
     <span class='ocr_line' id='line_1_12' title="bbox 216 1458 1948 1538; baseline 0.005 -16"><span class='ocrx_word' id='word_1_117' title='bbox 216 1463 388 1538; x_wconf 80' lang='lat' dir='ltr'><strong>protegam</strong></span> <span class='ocrx_word' id='word_1_118' title='bbox 411 1461 444 1523; x_wconf 91' lang='lat' dir='ltr'><strong>et</strong></span> <span class='ocrx_word' id='word_1_119' title='bbox 467 1460 617 1522; x_wconf 78' lang='lat' dir='ltr'><strong>servabo.</strong></span> <span class='ocrx_word' id='word_1_120' title='bbox 642 1459 876 1522; x_wconf 87' lang='lat' dir='ltr'><strong>Possessiones</strong></span> <span class='ocrx_word' id='word_1_121' title='bbox 900 1458 1010 1520; x_wconf 87' lang='lat' dir='ltr'><strong>autem</strong></span> <span class='ocrx_word' id='word_1_122' title='bbox 1065 1463 1245 1527; x_wconf 87' lang='lat' dir='ltr'><strong>Dominicae</strong></span> <span class='ocrx_word' id='word_1_123' title='bbox 1269 1464 1515 1527; x_wconf 83' lang='lat' dir='ltr'><strong>incarnationis</strong></span> <span class='ocrx_word' id='word_1_124' title='bbox 1536 1464 1714 1528; x_wconf 86' lang='lat' dir='ltr'><strong>millesimo</strong></span> <span class='ocrx_word' id='word_1_125' title='bbox 1737 1466 1852 1529; x_wconf 86' lang='lat' dir='ltr'><strong>dueen·</strong></span> <span class='ocrx_word' id='word_1_126' title='bbox 1947 1470 1948 1531; x_wconf 63' lang='lat' dir='ltr'><strong>l</strong></span> 
     </span>
     <span class='ocr_line' id='line_1_13' title="bbox 216 1555 1849 1642; baseline 0.005 -23"><span class='ocrx_word' id='word_1_127' title='bbox 216 1574 299 1635; x_wconf 86' lang='lat' dir='ltr'><strong>quas</strong></span> <span class='ocrx_word' id='word_1_128' title='bbox 313 1557 461 1620; x_wconf 82' lang='lat' dir='ltr'><strong>Ecclesia</strong></span> <span class='ocrx_word' id='word_1_129' title='bbox 482 1562 632 1621; x_wconf 89' lang='lat' dir='ltr'><strong>Romana</strong></span> <span class='ocrx_word' id='word_1_130' title='bbox 651 1556 871 1635; x_wconf 85' lang='lat' dir='ltr'><strong>recuperavit,</strong></span> <span class='ocrx_word' id='word_1_131' title='bbox 887 1555 1011 1618; x_wconf 85' lang='lat' dir='ltr'><strong>liberas</strong></span> <span class='ocrx_word' id='word_1_132' title='bbox 1064 1561 1183 1625; x_wconf 88' lang='lat' dir='ltr'><strong>tesimo</strong></span> <span class='ocrx_word' id='word_1_133' title='bbox 1197 1577 1264 1624; x_wconf 93' lang='lat' dir='ltr'><strong>non</strong></span> <span class='ocrx_word' id='word_1_134' title='bbox 1278 1562 1440 1635; x_wconf 84' lang='lat' dir='ltr'><strong>odecimo,</strong></span> <span class='ocrx_word' id='word_1_135' title='bbox 1456 1577 1571 1624; x_wconf 89' lang='lat' dir='ltr'><strong>mense</strong></span> <span class='ocrx_word' id='word_1_136' title='bbox 1585 1563 1782 1642; x_wconf 80' lang='lat' dir='ltr'><strong>Septembri,</strong></span> <span class='ocrx_word' id='word_1_137' title='bbox 1800 1566 1849 1627; x_wconf 91' lang='lat' dir='ltr'><strong>in-</strong></span> 
     </span>
    </p>
   </div>
   <div class='ocr_carea' id='block_1_6' title="bbox 215 1653 1351 1832">
    <p class='ocr_par' dir='ltr' id='par_1_6' title="bbox 215 1653 1351 1832">
     <span class='ocr_line' id='line_1_14' title="bbox 216 1653 1351 1735; baseline 0.003 -18"><span class='ocrx_word' id='word_1_138' title='bbox 216 1658 249 1718; x_wconf 85' lang='grc'><strong>31</strong></span> <span class='ocrx_word' id='word_1_139' title='bbox 267 1657 397 1735; x_wconf 88' lang='lat' dir='ltr'><strong>quietas</strong></span> <span class='ocrx_word' id='word_1_140' title='bbox 418 1656 482 1717; x_wconf 89' lang='lat' dir='ltr'><strong>sibi</strong></span> <span class='ocrx_word' id='word_1_141' title='bbox 511 1656 684 1729; x_wconf 79' lang='lat' dir='ltr'><strong>dimittam,</strong></span> <span class='ocrx_word' id='word_1_142' title='bbox 707 1657 741 1718; x_wconf 93' lang='lat' dir='ltr'><strong>et</strong></span> <span class='ocrx_word' id='word_1_143' title='bbox 760 1656 868 1733; x_wconf 85' lang='lat' dir='ltr'><strong>ipsam</strong></span> <span class='ocrx_word' id='word_1_144' title='bbox 891 1653 933 1715; x_wconf 93' lang='lat' dir='ltr'><strong>ad</strong></span> <span class='ocrx_word' id='word_1_145' title='bbox 953 1668 1011 1715; x_wconf 89' lang='lat' dir='ltr'><strong>eas</strong></span> <span class='ocrx_word' id='word_1_146' title='bbox 1065 1659 1209 1722; x_wconf 75' lang='lat' dir='ltr'><strong>dictione</strong></span> <span class='ocrx_word' id='word_1_147' title='bbox 1223 1660 1351 1723; x_wconf 82' lang='lat' dir='ltr'><strong>octava.</strong></span> 
     </span>
     <span class='ocr_line' id='line_1_15' title="bbox 215 1752 1011 1832; baseline -0.004 -17"><span class='ocrx_word' id='word_1_148' title='bbox 215 1755 406 1816; x_wconf 90' lang='lat' dir='ltr'><strong>retinendas</strong></span> <span class='ocrx_word' id='word_1_149' title='bbox 432 1754 518 1817; x_wconf 91' lang='lat' dir='ltr'><strong>bona</strong></span> <span class='ocrx_word' id='word_1_150' title='bbox 544 1755 608 1816; x_wconf 89' lang='lat' dir='ltr'><strong>lide</strong></span> <span class='ocrx_word' id='word_1_151' title='bbox 632 1753 768 1832; x_wconf 81' lang='lat' dir='ltr'><strong>juvabo.</strong></span> <span class='ocrx_word' id='word_1_152' title='bbox 789 1755 877 1825; x_wconf 88' lang='lat' dir='ltr'><strong>Quas</strong></span> <span class='ocrx_word' id='word_1_153' title='bbox 900 1752 1011 1815; x_wconf 88' lang='lat' dir='ltr'><strong>autem</strong></span> 
     </span>
    </p>
   </div>
   <div class='ocr_carea' id='block_1_7' title="bbox 215 1842 1950 1936">
    <p class='ocr_par' dir='ltr' id='par_1_7' title="bbox 215 1842 1950 1936">
     <span class='ocr_line' id='line_1_16' title="bbox 215 1842 1950 1936; baseline 0.006 -23"><span class='ocrx_word' id='word_1_154' title='bbox 215 1853 362 1915; x_wconf 89' lang='lat' dir='ltr'><strong>nondum</strong></span> <span class='ocrx_word' id='word_1_155' title='bbox 382 1853 602 1931; x_wconf 88' lang='lat' dir='ltr'><strong>recuperavit,</strong></span> <span class='ocrx_word' id='word_1_156' title='bbox 623 1852 756 1930; x_wconf 85' lang='lat' dir='ltr'><strong>adjutor</strong></span> <span class='ocrx_word' id='word_1_157' title='bbox 775 1866 834 1914; x_wconf 89' lang='lat' dir='ltr'><strong>ero</strong></span> <span class='ocrx_word' id='word_1_158' title='bbox 848 1850 890 1912; x_wconf 93' lang='lat' dir='ltr'><strong>ad</strong></span> <span class='ocrx_word' id='word_1_159' title='bbox 908 1864 1010 1912; x_wconf 84' lang='lat' dir='ltr'><strong>recu-</strong></span> <span class='ocrx_word' id='word_1_160' title='bbox 1104 1856 1194 1928; x_wconf 85' lang='lat' dir='ltr'><strong>Mox,</strong></span> <span class='ocrx_word' id='word_1_161' title='bbox 1206 1854 1286 1918; x_wconf 85' lang='lat' dir='ltr'><strong>lolio</strong></span> <span class='ocrx_word' id='word_1_162' title='bbox 1298 1857 1367 1928; x_wconf 78' lang='lat'><strong>162,</strong></span> <span class='ocrx_word' id='word_1_163' title='bbox 1380 1856 1465 1919; x_wconf 91' lang='lat' dir='ltr'><strong>idem</strong></span> <span class='ocrx_word' id='word_1_164' title='bbox 1475 1857 1620 1935; x_wconf 90' lang='lat' dir='ltr'><strong>diploma</strong></span> <span class='ocrx_word' id='word_1_165' title='bbox 1631 1860 1803 1936; x_wconf 86' lang='lat' dir='ltr'><strong>repetitur,</strong></span> <span class='ocrx_word' id='word_1_166' title='bbox 1813 1860 1852 1922; x_wconf 92' lang='lat' dir='ltr'><strong>di·</strong></span> <span class='ocrx_word' id='word_1_167' title='bbox 1948 1842 1950 1897; x_wconf 85' lang='lat' dir='ltr'><strong>l</strong></span> 
     </span>
    </p>
   </div>
   <div class='ocr_carea' id='block_1_8' title="bbox 215 1946 1851 2133">
    <p class='ocr_par' dir='ltr' id='par_1_8' title="bbox 215 1946 1851 2133">
     <span class='ocr_line' id='line_1_17' title="bbox 217 1946 1851 2034; baseline 0.004 -23"><span class='ocrx_word' id='word_1_168' title='bbox 217 1950 420 2027; x_wconf 88' lang='lat' dir='ltr'><strong>perandum,</strong></span> <span class='ocrx_word' id='word_1_169' title='bbox 453 1951 486 2011; x_wconf 85' lang='lat' dir='ltr'><strong>et</strong></span> <span class='ocrx_word' id='word_1_170' title='bbox 518 1950 789 2027; x_wconf 84' lang='lat' dir='ltr'><strong>recuperatarum</strong></span> <span class='ocrx_word' id='word_1_171' title='bbox 830 1946 1011 2010; x_wconf 88' lang='lat' dir='ltr'><strong>secundum</strong></span> <span class='ocrx_word' id='word_1_172' title='bbox 1064 1952 1172 2015; x_wconf 85' lang='lat' dir='ltr'><strong>versis</strong></span> <span class='ocrx_word' id='word_1_173' title='bbox 1185 1953 1297 2016; x_wconf 82' lang='grc'>13111311</span> <span class='ocrx_word' id='word_1_174' title='bbox 1315 1953 1412 2016; x_wconf 85' lang='lat' dir='ltr'><strong>initio</strong></span> <span class='ocrx_word' id='word_1_175' title='bbox 1432 1956 1465 2017; x_wconf 88' lang='lat' dir='ltr'><strong>et</strong></span> <span class='ocrx_word' id='word_1_176' title='bbox 1483 1956 1649 2029; x_wconf 90' lang='lat' dir='ltr'><strong>clausula,</strong></span> <span class='ocrx_word' id='word_1_177' title='bbox 1670 1959 1772 2034; x_wconf 87' lang='lat' dir='ltr'><strong>prout</strong></span> <span class='ocrx_word' id='word_1_178' title='bbox 1787 1958 1851 2018; x_wconf 89' lang='lat' dir='ltr'><strong>heic</strong></span> 
     </span>
     <span class='ocr_line' id='line_1_18' title="bbox 215 2044 1851 2133; baseline 0.004 -24"><span class='ocrx_word' id='word_1_179' title='bbox 215 2063 314 2124; x_wconf 90' lang='lat' dir='ltr'><strong>posse</strong></span> <span class='ocrx_word' id='word_1_180' title='bbox 331 2063 440 2109; x_wconf 89' lang='lat' dir='ltr'><strong>meum</strong></span> <span class='ocrx_word' id='word_1_181' title='bbox 464 2065 521 2110; x_wconf 89' lang='lat' dir='ltr'><strong>ero</strong></span> <span class='ocrx_word' id='word_1_182' title='bbox 548 2048 621 2109; x_wconf 87' lang='lat' dir='ltr'><strong>sine</strong></span> <span class='ocrx_word' id='word_1_183' title='bbox 642 2046 759 2108; x_wconf 83' lang='lat' dir='ltr'><strong>fraude</strong></span> <span class='ocrx_word' id='word_1_184' title='bbox 784 2044 957 2119; x_wconf 82' lang='lat' dir='ltr'><strong>delens0r3</strong></span> <span class='ocrx_word' id='word_1_185' title='bbox 978 2045 1012 2106; x_wconf 85' lang='lat' dir='ltr'><strong>et</strong></span> <span class='ocrx_word' id='word_1_186' title='bbox 1065 2049 1376 2125; x_wconf 83' lang='lat' dir='ltr'><strong>subteximus3nam</strong></span> <span class='ocrx_word' id='word_1_187' title='bbox 1386 2051 1497 2115; x_wconf 86' lang='lat' dir='ltr'><strong>brevis</strong></span> <span class='ocrx_word' id='word_1_188' title='bbox 1508 2054 1681 2131; x_wconf 88' lang='lat' dir='ltr'><strong>cujusdam</strong></span> <span class='ocrx_word' id='word_1_189' title='bbox 1695 2055 1851 2133; x_wconf 83' lang='lat' dir='ltr'><strong>periocha</strong></span> 
     </span>
    </p>
   </div>
   <div class='ocr_carea' id='block_1_9' title="bbox 216 2142 1947 2223">
    <p class='ocr_par' dir='ltr' id='par_1_9' title="bbox 216 2142 1947 2223">
     <span class='ocr_line' id='line_1_19' title="bbox 216 2142 1947 2223; baseline 0.004 -19"><span class='ocrx_word' id='word_1_190' title='bbox 216 2160 432 2223; x_wconf 83' lang='lat' dir='ltr'><strong>quaecumque</strong></span> <span class='ocrx_word' id='word_1_191' title='bbox 446 2146 488 2207; x_wconf 91' lang='lat' dir='ltr'><strong>ad</strong></span> <span class='ocrx_word' id='word_1_192' title='bbox 502 2162 621 2208; x_wconf 87' lang='lat' dir='ltr'><strong>manns</strong></span> <span class='ocrx_word' id='word_1_193' title='bbox 631 2160 723 2206; x_wconf 86' lang='lat' dir='ltr'><strong>meas</strong></span> <span class='ocrx_word' id='word_1_194' title='bbox 738 2143 923 2215; x_wconf 78' lang='lat' dir='ltr'><strong>devenient,</strong></span> <span class='ocrx_word' id='word_1_195' title='bbox 938 2142 1011 2203; x_wconf 64' lang='lat' dir='ltr'><strong>aino</strong></span> <span class='ocrx_word' id='word_1_196' title='bbox 1065 2149 1101 2210; x_wconf 93' lang='lat' dir='ltr'><strong>in</strong></span> <span class='ocrx_word' id='word_1_197' title='bbox 1123 2148 1233 2211; x_wconf 89' lang='lat' dir='ltr'><strong>medlo</strong></span> <span class='ocrx_word' id='word_1_198' title='bbox 1257 2148 1405 2223; x_wconf 90' lang='lat' dir='ltr'><strong>omissio,</strong></span> <span class='ocrx_word' id='word_1_199' title='bbox 1427 2149 1558 2211; x_wconf 86' lang='lat' dir='ltr'><strong>librarii</strong></span> <span class='ocrx_word' id='word_1_200' title='bbox 1577 2151 1707 2213; x_wconf 88' lang='lat' dir='ltr'><strong>incuria</strong></span> <span class='ocrx_word' id='word_1_201' title='bbox 1728 2152 1849 2215; x_wconf 87' lang='lat' dir='ltr'><strong>accidit</strong></span> <span class='ocrx_word' id='word_1_202' title='bbox 1946 2202 1947 2211; x_wconf 73' lang='grc'>,</span> 
     </span>
    </p>
   </div>
   <div class='ocr_carea' id='block_1_10' title="bbox 1938 1990 1948 2167">
    <p class='ocr_par' dir='ltr' id='par_1_10' title="bbox 1938 1990 1948 2179">
     <span class='ocr_line' id='line_1_20' title="bbox 1938 1990 1948 2167; baseline 0 0"><span class='ocrx_word' id='word_1_203' title='bbox 1938 1990 1948 2167; x_wconf 86' lang='grc'><strong>1</strong></span> 
     </span>
    </p>
   </div>
   <div class='ocr_carea' id='block_1_11' title="bbox 216 2218 1947 2322">
    <p class='ocr_par' dir='ltr' id='par_1_11' title="bbox 216 2218 1947 2322">
     <span class='ocr_line' id='line_1_21' title="bbox 216 2218 1947 2322; baseline 0.006 -19"><span class='ocrx_word' id='word_1_204' title='bbox 216 2242 411 2306; x_wconf 83' lang='lat' dir='ltr'><strong>difficultate</strong></span> <span class='ocrx_word' id='word_1_205' title='bbox 440 2244 615 2306; x_wconf 88' lang='lat' dir='ltr'><strong>restituere</strong></span> <span class='ocrx_word' id='word_1_206' title='bbox 648 2241 844 2321; x_wconf 87' lang='lat' dir='ltr'><strong>procurabo.</strong></span> <span class='ocrx_word' id='word_1_207' title='bbox 871 2241 921 2303; x_wconf 83' lang='lat' dir='ltr'><strong>Ad</strong></span> <span class='ocrx_word' id='word_1_208' title='bbox 949 2239 1011 2301; x_wconf 87' lang='lat' dir='ltr'><strong>has</strong></span> <span class='ocrx_word' id='word_1_209' title='bbox 1104 2246 1311 2319; x_wconf 70' lang='lat' dir='ltr'><strong>Fredericus</strong></span> <span class='ocrx_word' id='word_1_210' title='bbox 1324 2246 1437 2309; x_wconf 76' lang='lat' dir='ltr'><strong>diuina</strong></span> <span class='ocrx_word' id='word_1_211' title='bbox 1450 2247 1581 2311; x_wconf 79' lang='lat' dir='ltr'><strong>favente</strong></span> <span class='ocrx_word' id='word_1_212' title='bbox 1594 2248 1784 2322; x_wconf 90' lang='lat' dir='ltr'><strong>clementia,</strong></span> <span class='ocrx_word' id='word_1_213' title='bbox 1799 2253 1852 2313; x_wconf 86' lang='lat' dir='ltr'><strong>Ro</strong></span> <span class='ocrx_word' id='word_1_214' title='bbox 1946 2218 1947 2255; x_wconf 53' lang='lat'>³</span> 
     </span>
    </p>
   </div>
   <div class='ocr_carea' id='block_1_12' title="bbox 212 2337 1852 4762">
    <p class='ocr_par' dir='ltr' id='par_1_12' title="bbox 212 2337 1852 4762">
     <span class='ocr_line' id='line_1_22' title="bbox 216 2337 1849 2422; baseline 0.002 -20"><span class='ocrx_word' id='word_1_215' title='bbox 216 2341 359 2419; x_wconf 81' lang='lat' dir='ltr'><strong>pertinet</strong></span> <span class='ocrx_word' id='word_1_216' title='bbox 381 2343 449 2404; x_wconf 90' lang='lat' dir='ltr'><strong>tota</strong></span> <span class='ocrx_word' id='word_1_217' title='bbox 472 2344 573 2415; x_wconf 88' lang='lat' dir='ltr'><strong>terra,</strong></span> <span class='ocrx_word' id='word_1_218' title='bbox 596 2357 671 2418; x_wconf 83' lang='lat' dir='ltr'><strong>quae</strong></span> <span class='ocrx_word' id='word_1_219' title='bbox 692 2341 743 2402; x_wconf 89' lang='lat' dir='ltr'><strong>est</strong></span> <span class='ocrx_word' id='word_1_220' title='bbox 767 2337 1011 2402; x_wconf 83' lang='lat' dir='ltr'><strong>aRadicofano</strong></span> <span class='ocrx_word' id='word_1_221' title='bbox 1066 2358 1238 2405; x_wconf 88' lang='lat' dir='ltr'><strong>manorum</strong></span> <span class='ocrx_word' id='word_1_222' title='bbox 1246 2344 1427 2422; x_wconf 91' lang='lat' dir='ltr'><strong>imperator</strong></span> <span class='ocrx_word' id='word_1_223' title='bbox 1438 2347 1600 2421; x_wconf 81' lang='lat' dir='ltr'><strong>augustus</strong></span> <span class='ocrx_word' id='word_1_224' title='bbox 1611 2347 1643 2408; x_wconf 84' lang='lat' dir='ltr'><strong>et</strong></span> <span class='ocrx_word' id='word_1_225' title='bbox 1651 2363 1714 2407; x_wconf 83' lang='lat' dir='ltr'><strong>rex</strong></span> <span class='ocrx_word' id='word_1_226' title='bbox 1724 2347 1849 2408; x_wconf 86' lang='lat' dir='ltr'><strong>Siciliae.</strong></span> 
     </span>
     <span class='ocr_line' id='line_1_23' title="bbox 216 2437 1851 2520; baseline 0.003 -21"><span class='ocrx_word' id='word_1_227' title='bbox 216 2454 322 2516; x_wconf 87' lang='lat' dir='ltr'><strong>usque</strong></span> <span class='ocrx_word' id='word_1_228' title='bbox 351 2441 573 2516; x_wconf 77' lang='lat' dir='ltr'><strong>ceperanum,</strong></span> <span class='ocrx_word' id='word_1_229' title='bbox 597 2437 798 2501; x_wconf 83' lang='lat' dir='ltr'><strong>exarchatus</strong></span> <span class='ocrx_word' id='word_1_230' title='bbox 820 2439 1009 2507; x_wconf 77' lang='lat' dir='ltr'><strong>Rauennae,</strong></span> <span class='ocrx_word' id='word_1_231' title='bbox 1065 2443 1130 2502; x_wconf 88' lang='lat' dir='ltr'><strong>Per</strong></span> <span class='ocrx_word' id='word_1_232' title='bbox 1150 2456 1297 2519; x_wconf 87' lang='lat' dir='ltr'><strong>praesens</strong></span> <span class='ocrx_word' id='word_1_233' title='bbox 1312 2442 1470 2520; x_wconf 90' lang='lat' dir='ltr'><strong>scriptum</strong></span> <span class='ocrx_word' id='word_1_234' title='bbox 1493 2442 1608 2506; x_wconf 91' lang='lat' dir='ltr'><strong>notum</strong></span> <span class='ocrx_word' id='word_1_235' title='bbox 1629 2442 1773 2505; x_wconf 83' lang='lat' dir='ltr'><strong>tacimus</strong></span> <span class='ocrx_word' id='word_1_236' title='bbox 1793 2446 1851 2506; x_wconf 89' lang='lat' dir='ltr'><strong>tan</strong></span> 
     </span>
     <span class='ocr_line' id='line_1_24' title="bbox 216 2533 1852 2619; baseline 0.004 -23"><span class='ocrx_word' id='word_1_237' title='bbox 216 2537 423 2615; x_wconf 88' lang='lat' dir='ltr'><strong>Pentapolis,</strong></span> <span class='ocrx_word' id='word_1_238' title='bbox 448 2537 598 2598; x_wconf 85' lang='lat' dir='ltr'><strong>marchia</strong></span> <span class='ocrx_word' id='word_1_239' title='bbox 623 2534 847 2606; x_wconf 75' lang='lat' dir='ltr'><strong>anconitana,</strong></span> <span class='ocrx_word' id='word_1_240' title='bbox 870 2533 1010 2595; x_wconf 86' lang='lat' dir='ltr'><strong>ducatus</strong></span> <span class='ocrx_word' id='word_1_241' title='bbox 1065 2537 1282 2616; x_wconf 79' lang='lat' dir='ltr'><strong>praesentibus</strong></span> <span class='ocrx_word' id='word_1_242' title='bbox 1297 2555 1396 2617; x_wconf 87' lang='lat' dir='ltr'><strong>quam</strong></span> <span class='ocrx_word' id='word_1_243' title='bbox 1410 2539 1543 2612; x_wconf 86' lang='lat' dir='ltr'><strong>laturis,</strong></span> <span class='ocrx_word' id='word_1_244' title='bbox 1560 2539 1646 2619; x_wconf 86' lang='lat' dir='ltr'><strong>quod</strong></span> <span class='ocrx_word' id='word_1_245' title='bbox 1659 2541 1758 2603; x_wconf 91' lang='lat' dir='ltr'><strong>nobis</strong></span> <span class='ocrx_word' id='word_1_246' title='bbox 1772 2542 1852 2604; x_wconf 81' lang='lat' dir='ltr'><strong>exis-</strong></span> 
     </span>
     <span class='ocr_line' id='line_1_25' title="bbox 217 2630 1851 2717; baseline -0.001 -13"><span class='ocrx_word' id='word_1_247' title='bbox 217 2633 532 2709; x_wconf 71' lang='lat' dir='ltr'><strong>Sp010tanus‚t0rra</strong></span> <span class='ocrx_word' id='word_1_248' title='bbox 554 2632 731 2694; x_wconf 71' lang='grc' dir='ltr'>0011ῑὶ118811</span> <span class='ocrx_word' id='word_1_249' title='bbox 751 2630 932 2702; x_wconf 66' lang='lat' dir='ltr'><strong>Maihlldss,</strong></span> <span class='ocrx_word' id='word_1_250' title='bbox 953 2644 1012 2691; x_wconf 84' lang='lat' dir='ltr'><strong>co-</strong></span> <span class='ocrx_word' id='word_1_251' title='bbox 1064 2635 1207 2699; x_wconf 89' lang='lat' dir='ltr'><strong>tentibus</strong></span> <span class='ocrx_word' id='word_1_252' title='bbox 1226 2651 1313 2699; x_wconf 89' lang='lat' dir='ltr'><strong>anno</strong></span> <span class='ocrx_word' id='word_1_253' title='bbox 1331 2637 1511 2715; x_wconf 89' lang='lat' dir='ltr'><strong>praeterito,</strong></span> <span class='ocrx_word' id='word_1_254' title='bbox 1529 2638 1564 2699; x_wconf 93' lang='lat' dir='ltr'><strong>in</strong></span> <span class='ocrx_word' id='word_1_255' title='bbox 1579 2655 1694 2700; x_wconf 90' lang='lat' dir='ltr'><strong>mense</strong></span> <span class='ocrx_word' id='word_1_256' title='bbox 1711 2642 1851 2717; x_wconf 85' lang='lat' dir='ltr'><strong>Septem-</strong></span> 
     </span>
     <span class='ocr_line' id='line_1_26' title="bbox 216 2726 1850 2813; baseline 0.004 -23"><span class='ocrx_word' id='word_1_257' title='bbox 216 2731 352 2792; x_wconf 89' lang='lat' dir='ltr'><strong>mitatus</strong></span> <span class='ocrx_word' id='word_1_258' title='bbox 365 2730 567 2802; x_wconf 88' lang='lat' dir='ltr'><strong>Brutenorii,</strong></span> <span class='ocrx_word' id='word_1_259' title='bbox 582 2745 657 2791; x_wconf 87' lang='lat' dir='ltr'><strong>aum</strong></span> <span class='ocrx_word' id='word_1_260' title='bbox 671 2727 899 2806; x_wconf 87' lang='lat' dir='ltr'><strong>adjacentibus</strong></span> <span class='ocrx_word' id='word_1_261' title='bbox 910 2726 1010 2789; x_wconf 80' lang='grc'>131113</span> <span class='ocrx_word' id='word_1_262' title='bbox 1064 2732 1115 2794; x_wconf 89' lang='lat' dir='ltr'><strong>bri</strong></span> <span class='ocrx_word' id='word_1_263' title='bbox 1141 2734 1266 2796; x_wconf 80' lang='lat' dir='ltr'><strong>octavae</strong></span> <span class='ocrx_word' id='word_1_264' title='bbox 1287 2734 1494 2808; x_wconf 90' lang='lat' dir='ltr'><strong>indictionis,</strong></span> <span class='ocrx_word' id='word_1_265' title='bbox 1517 2735 1605 2812; x_wconf 90' lang='lat' dir='ltr'><strong>apud</strong></span> <span class='ocrx_word' id='word_1_266' title='bbox 1631 2739 1850 2813; x_wconf 82' lang='lat' dir='ltr'><strong>Hagenowen</strong></span> 
     </span>
     <span class='ocr_line' id='line_1_27' title="bbox 216 2825 1852 2911; baseline 0.005 -23"><span class='ocrx_word' id='word_1_267' title='bbox 216 2827 384 2904; x_wconf 83' lang='lat' dir='ltr'><strong>expressis</strong></span> <span class='ocrx_word' id='word_1_268' title='bbox 396 2829 432 2888; x_wconf 93' lang='lat' dir='ltr'><strong>in</strong></span> <span class='ocrx_word' id='word_1_269' title='bbox 447 2827 560 2889; x_wconf 90' lang='lat' dir='ltr'><strong>multis</strong></span> <span class='ocrx_word' id='word_1_270' title='bbox 575 2826 761 2904; x_wconf 78' lang='lat' dir='ltr'><strong>privilegiis</strong></span> <span class='ocrx_word' id='word_1_271' title='bbox 773 2825 1010 2904; x_wconf 87' lang='lat' dir='ltr'><strong>imperatorum</strong></span> <span class='ocrx_word' id='word_1_272' title='bbox 1064 2831 1137 2893; x_wconf 86' lang='lat' dir='ltr'><strong>fleri</strong></span> <span class='ocrx_word' id='word_1_273' title='bbox 1151 2830 1290 2893; x_wconf 87' lang='lat' dir='ltr'><strong>lecimus</strong></span> <span class='ocrx_word' id='word_1_274' title='bbox 1310 2832 1473 2909; x_wconf 84' lang='lat' dir='ltr'><strong>quoddam</strong></span> <span class='ocrx_word' id='word_1_275' title='bbox 1490 2833 1650 2911; x_wconf 85' lang='lat' dir='ltr'><strong>scriptum</strong></span> <span class='ocrx_word' id='word_1_276' title='bbox 1664 2834 1707 2896; x_wconf 89' lang='lat' dir='ltr'><strong>ad</strong></span> <span class='ocrx_word' id='word_1_277' title='bbox 1722 2835 1852 2897; x_wconf 91' lang='lat' dir='ltr'><strong>manda·</strong></span> 
     </span>
     <span class='ocr_line' id='line_1_28' title="bbox 216 2923 1851 3007; baseline 0.006 -22"><span class='ocrx_word' id='word_1_278' title='bbox 216 2941 235 2986; x_wconf 92' lang='grc'>3</span> <span class='ocrx_word' id='word_1_279' title='bbox 256 2926 405 3001; x_wconf 85' lang='lat' dir='ltr'><strong>tempore</strong></span> <span class='ocrx_word' id='word_1_280' title='bbox 430 2923 576 2986; x_wconf 92' lang='lat' dir='ltr'><strong>Lodoici.</strong></span> <span class='ocrx_word' id='word_1_281' title='bbox 597 2926 665 2985; x_wconf 87' lang='lat' dir='ltr'><strong>Has</strong></span> <span class='ocrx_word' id='word_1_282' title='bbox 686 2939 801 2985; x_wconf 89' lang='lat' dir='ltr'><strong>onmes</strong></span> <span class='ocrx_word' id='word_1_283' title='bbox 825 2938 886 3000; x_wconf 89' lang='lat' dir='ltr'><strong>pro</strong></span> <span class='ocrx_word' id='word_1_284' title='bbox 912 2936 1010 3000; x_wconf 83' lang='lat' dir='ltr'><strong>posse</strong></span> <span class='ocrx_word' id='word_1_285' title='bbox 1064 2931 1133 2991; x_wconf 90' lang='lat' dir='ltr'><strong>tum</strong></span> <span class='ocrx_word' id='word_1_286' title='bbox 1146 2928 1301 2991; x_wconf 89' lang='lat' dir='ltr'><strong>carissinl</strong></span> <span class='ocrx_word' id='word_1_287' title='bbox 1315 2928 1350 2991; x_wconf 89' lang='lat' dir='ltr'><strong>ln</strong></span> <span class='ocrx_word' id='word_1_288' title='bbox 1361 2928 1491 2992; x_wconf 85' lang='lat' dir='ltr'><strong>Christo</strong></span> <span class='ocrx_word' id='word_1_289' title='bbox 1503 2930 1609 3007; x_wconf 87' lang='lat' dir='ltr'><strong>patris</strong></span> <span class='ocrx_word' id='word_1_290' title='bbox 1619 2930 1744 2993; x_wconf 88' lang='lat' dir='ltr'><strong>domini</strong></span> <span class='ocrx_word' id='word_1_291' title='bbox 1757 2932 1851 2995; x_wconf 86' lang='lat' dir='ltr'><strong>nostri</strong></span> 
     </span>
     <span class='ocr_line' id='line_1_29' title="bbox 217 3021 1849 3101; baseline 0.004 -18"><span class='ocrx_word' id='word_1_292' title='bbox 217 3037 290 3085; x_wconf 91' lang='lat' dir='ltr'><strong>meo</strong></span> <span class='ocrx_word' id='word_1_293' title='bbox 304 3022 498 3094; x_wconf 89' lang='lat' dir='ltr'><strong>restituam,</strong></span> <span class='ocrx_word' id='word_1_294' title='bbox 526 3023 559 3085; x_wconf 88' lang='lat' dir='ltr'><strong>et</strong></span> <span class='ocrx_word' id='word_1_295' title='bbox 588 3021 699 3101; x_wconf 86' lang='lat' dir='ltr'><strong>quiete</strong></span> <span class='ocrx_word' id='word_1_296' title='bbox 722 3021 906 3089; x_wconf 85' lang='lat' dir='ltr'><strong>dimittam,</strong></span> <span class='ocrx_word' id='word_1_297' title='bbox 934 3034 1010 3083; x_wconf 88' lang='lat' dir='ltr'><strong>cum</strong></span> <span class='ocrx_word' id='word_1_298' title='bbox 1064 3026 1187 3088; x_wconf 88' lang='lat' dir='ltr'><strong>sanctae</strong></span> <span class='ocrx_word' id='word_1_299' title='bbox 1201 3026 1849 3101; x_wconf 72' lang='grc'>313313331131133131111331111111,</span> 
     </span>
     <span class='ocr_line' id='line_1_30' title="bbox 216 3118 1850 3203; baseline 0.004 -21"><span class='ocrx_word' id='word_1_300' title='bbox 216 3119 306 3182; x_wconf 90' lang='lat' dir='ltr'><strong>omni</strong></span> <span class='ocrx_word' id='word_1_301' title='bbox 316 3120 560 3198; x_wconf 69' lang='lat' dir='ltr'><strong>iurisdictione,</strong></span> <span class='ocrx_word' id='word_1_302' title='bbox 578 3119 730 3182; x_wconf 86' lang='lat' dir='ltr'><strong>districtu</strong></span> <span class='ocrx_word' id='word_1_303' title='bbox 744 3120 777 3181; x_wconf 90' lang='lat' dir='ltr'><strong>et</strong></span> <span class='ocrx_word' id='word_1_304' title='bbox 795 3118 922 3180; x_wconf 89' lang='lat' dir='ltr'><strong>honore</strong></span> <span class='ocrx_word' id='word_1_305' title='bbox 936 3132 1007 3178; x_wconf 89' lang='lat' dir='ltr'><strong>suo.</strong></span> <span class='ocrx_word' id='word_1_306' title='bbox 1064 3123 1097 3186; x_wconf 93' lang='lat' dir='ltr'><strong>et</strong></span> <span class='ocrx_word' id='word_1_307' title='bbox 1109 3123 1300 3187; x_wconf 88' lang='lat' dir='ltr'><strong>nuntiorum</strong></span> <span class='ocrx_word' id='word_1_308' title='bbox 1318 3126 1401 3202; x_wconf 88' lang='lat' dir='ltr'><strong>ejus,</strong></span> <span class='ocrx_word' id='word_1_309' title='bbox 1415 3125 1501 3203; x_wconf 81' lang='lat' dir='ltr'><strong>quod</strong></span> <span class='ocrx_word' id='word_1_310' title='bbox 1514 3126 1725 3189; x_wconf 87' lang='lat' dir='ltr'><strong>continebat:</strong></span> <span class='ocrx_word' id='word_1_311' title='bbox 1740 3132 1783 3190; x_wconf 82' lang='lat' dir='ltr'><strong>In</strong></span> <span class='ocrx_word' id='word_1_312' title='bbox 1795 3142 1850 3189; x_wconf 81' lang='lat' dir='ltr'><strong>oo-</strong></span> 
     </span>
     <span class='ocr_line' id='line_1_31' title="bbox 215 3216 1850 3303; baseline 0.004 -24"><span class='ocrx_word' id='word_1_313' title='bbox 215 3219 450 3281; x_wconf 86' lang='lat' dir='ltr'><strong>Verumtamen</strong></span> <span class='ocrx_word' id='word_1_314' title='bbox 472 3234 572 3296; x_wconf 82' lang='lat' dir='ltr'><strong>quum</strong></span> <span class='ocrx_word' id='word_1_315' title='bbox 600 3217 641 3279; x_wconf 88' lang='lat' dir='ltr'><strong>ad</strong></span> <span class='ocrx_word' id='word_1_316' title='bbox 665 3216 889 3295; x_wconf 89' lang='lat' dir='ltr'><strong>recipiendam</strong></span> <span class='ocrx_word' id='word_1_317' title='bbox 913 3230 1011 3277; x_wconf 87' lang='lat' dir='ltr'><strong>eoro-</strong></span> <span class='ocrx_word' id='word_1_318' title='bbox 1063 3221 1307 3294; x_wconf 74' lang='lat' dir='ltr'><strong>miseserwtoe,</strong></span> <span class='ocrx_word' id='word_1_319' title='bbox 1323 3221 1653 3299; x_wconf 86' lang='lat' dir='ltr'><strong>etc.,utsupra.Nos</strong></span> <span class='ocrx_word' id='word_1_320' title='bbox 1668 3224 1850 3303; x_wconf 88' lang='lat' dir='ltr'><strong>autemprae</strong></span> 
     </span>
     <span class='ocr_line' id='line_1_32' title="bbox 215 3314 1851 3401; baseline 0.004 -23"><span class='ocrx_word' id='word_1_321' title='bbox 215 3332 292 3378; x_wconf 89' lang='lat' dir='ltr'><strong>nam</strong></span> <span class='ocrx_word' id='word_1_322' title='bbox 302 3317 445 3395; x_wconf 84' lang='lat' dir='ltr'><strong>imperii,</strong></span> <span class='ocrx_word' id='word_1_323' title='bbox 457 3317 509 3379; x_wconf 88' lang='lat' dir='ltr'><strong>vel</strong></span> <span class='ocrx_word' id='word_1_324' title='bbox 520 3332 580 3394; x_wconf 91' lang='lat' dir='ltr'><strong>pro</strong></span> <span class='ocrx_word' id='word_1_325' title='bbox 590 3314 843 3378; x_wconf 86' lang='lat' dir='ltr'><strong>necessitatibus</strong></span> <span class='ocrx_word' id='word_1_326' title='bbox 853 3314 1010 3379; x_wconf 80' lang='lat' dir='ltr'><strong>Ecclesiae</strong></span> <span class='ocrx_word' id='word_1_327' title='bbox 1063 3318 1169 3382; x_wconf 88' lang='lat' dir='ltr'><strong>oculis</strong></span> <span class='ocrx_word' id='word_1_328' title='bbox 1180 3318 1339 3382; x_wconf 87' lang='lat' dir='ltr'><strong>habentes</strong></span> <span class='ocrx_word' id='word_1_329' title='bbox 1354 3318 1543 3384; x_wconf 85' lang='lat' dir='ltr'><strong>dilectionis</strong></span> <span class='ocrx_word' id='word_1_330' title='bbox 1556 3322 1588 3384; x_wconf 89' lang='lat' dir='ltr'><strong>et</strong></span> <span class='ocrx_word' id='word_1_331' title='bbox 1597 3323 1716 3398; x_wconf 76' lang='lat' dir='ltr'><strong>gratim</strong></span> <span class='ocrx_word' id='word_1_332' title='bbox 1730 3324 1851 3401; x_wconf 88' lang='lat' dir='ltr'><strong>purita-</strong></span> 
     </span>
     <span class='ocr_line' id='line_1_33' title="bbox 216 3414 1851 3496; baseline 0.003 -19"><span class='ocrx_word' id='word_1_333' title='bbox 216 3415 258 3477; x_wconf 91' lang='lat' dir='ltr'><strong>ab</strong></span> <span class='ocrx_word' id='word_1_334' title='bbox 279 3416 469 3493; x_wconf 77' lang='lat' dir='ltr'><strong>apostoliea</strong></span> <span class='ocrx_word' id='word_1_335' title='bbox 492 3416 576 3477; x_wconf 84' lang='lat' dir='ltr'><strong>Sede</strong></span> <span class='ocrx_word' id='word_1_336' title='bbox 596 3414 733 3477; x_wconf 76' lang='lat' dir='ltr'><strong>vocatus</strong></span> <span class='ocrx_word' id='word_1_337' title='bbox 761 3430 944 3489; x_wconf 86' lang='lat' dir='ltr'><strong>accessero,</strong></span> <span class='ocrx_word' id='word_1_338' title='bbox 968 3415 1010 3476; x_wconf 90' lang='lat' dir='ltr'><strong>de</strong></span> <span class='ocrx_word' id='word_1_339' title='bbox 1063 3420 1139 3490; x_wconf 90' lang='lat' dir='ltr'><strong>tem,</strong></span> <span class='ocrx_word' id='word_1_340' title='bbox 1160 3433 1258 3495; x_wconf 78' lang='lat' dir='ltr'><strong>quam</strong></span> <span class='ocrx_word' id='word_1_341' title='bbox 1273 3417 1449 3495; x_wconf 75' lang='lat' dir='ltr'><strong>pradictus</strong></span> <span class='ocrx_word' id='word_1_342' title='bbox 1466 3419 1562 3496; x_wconf 88' lang='lat' dir='ltr'><strong>pater</strong></span> <span class='ocrx_word' id='word_1_343' title='bbox 1577 3421 1693 3483; x_wconf 88' lang='lat' dir='ltr'><strong>noster</strong></span> <span class='ocrx_word' id='word_1_344' title='bbox 1705 3424 1851 3482; x_wconf 88' lang='lat' dir='ltr'><strong>Summus</strong></span> 
     </span>
     <span class='ocr_line' id='line_1_34' title="bbox 215 3511 1851 3594; baseline 0.003 -20"><span class='ocrx_word' id='word_1_345' title='bbox 215 3513 371 3577; x_wconf 88' lang='lat' dir='ltr'><strong>mandato</strong></span> <span class='ocrx_word' id='word_1_346' title='bbox 383 3514 510 3575; x_wconf 86' lang='lat' dir='ltr'><strong>Summi</strong></span> <span class='ocrx_word' id='word_1_347' title='bbox 521 3512 704 3583; x_wconf 82' lang='lat' dir='ltr'><strong>Pontificis,</strong></span> <span class='ocrx_word' id='word_1_348' title='bbox 715 3511 876 3589; x_wconf 86' lang='lat' dir='ltr'><strong>accipiam</strong></span> <span class='ocrx_word' id='word_1_349' title='bbox 888 3529 1010 3590; x_wconf 87' lang='lat' dir='ltr'><strong>proan-</strong></span> <span class='ocrx_word' id='word_1_350' title='bbox 1063 3514 1217 3578; x_wconf 82' lang='lat' dir='ltr'><strong>Pontifex</strong></span> <span class='ocrx_word' id='word_1_351' title='bbox 1232 3515 1268 3577; x_wconf 90' lang='lat' dir='ltr'><strong>in</strong></span> <span class='ocrx_word' id='word_1_352' title='bbox 1283 3516 1398 3577; x_wconf 88' lang='lat' dir='ltr'><strong>nostra</strong></span> <span class='ocrx_word' id='word_1_353' title='bbox 1416 3516 1625 3594; x_wconf 88' lang='lat' dir='ltr'><strong>promotione</strong></span> <span class='ocrx_word' id='word_1_354' title='bbox 1645 3518 1851 3581; x_wconf 85' lang='lat' dir='ltr'><strong>laudabiliter</strong></span> 
     </span>
     <span class='ocr_line' id='line_1_35' title="bbox 214 3609 1850 3692; baseline 0.003 -20"><span class='ocrx_word' id='word_1_355' title='bbox 214 3612 378 3673; x_wconf 89' lang='lat' dir='ltr'><strong>rationem</strong></span> <span class='ocrx_word' id='word_1_356' title='bbox 389 3611 430 3672; x_wconf 91' lang='lat' dir='ltr'><strong>ab</strong></span> <span class='ocrx_word' id='word_1_357' title='bbox 445 3611 506 3672; x_wconf 90' lang='lat' dir='ltr'><strong>eis.</strong></span> <span class='ocrx_word' id='word_1_358' title='bbox 519 3610 661 3687; x_wconf 77' lang='lat' dir='ltr'><strong>Adjntor</strong></span> <span class='ocrx_word' id='word_1_359' title='bbox 672 3609 773 3671; x_wconf 88' lang='lat' dir='ltr'><strong>etiam</strong></span> <span class='ocrx_word' id='word_1_360' title='bbox 787 3625 845 3671; x_wconf 90' lang='lat' dir='ltr'><strong>ero</strong></span> <span class='ocrx_word' id='word_1_361' title='bbox 864 3611 906 3672; x_wconf 89' lang='lat' dir='ltr'><strong>ad</strong></span> <span class='ocrx_word' id='word_1_362' title='bbox 926 3611 1009 3673; x_wconf 91' lang='lat' dir='ltr'><strong>reti·</strong></span> <span class='ocrx_word' id='word_1_363' title='bbox 1063 3611 1267 3690; x_wconf 77' lang='lat' dir='ltr'><strong>dignoscitur</strong></span> <span class='ocrx_word' id='word_1_364' title='bbox 1274 3611 1441 3686; x_wconf 78' lang='lat' dir='ltr'><strong>habuisse,</strong></span> <span class='ocrx_word' id='word_1_365' title='bbox 1455 3614 1489 3676; x_wconf 86' lang='lat' dir='ltr'><strong>et</strong></span> <span class='ocrx_word' id='word_1_366' title='bbox 1501 3613 1587 3692; x_wconf 85' lang='lat' dir='ltr'><strong>quod</strong></span> <span class='ocrx_word' id='word_1_367' title='bbox 1599 3614 1641 3676; x_wconf 93' lang='lat' dir='ltr'><strong>de</strong></span> <span class='ocrx_word' id='word_1_368' title='bbox 1648 3615 1784 3678; x_wconf 87' lang='lat' dir='ltr'><strong>bonoln</strong></span> <span class='ocrx_word' id='word_1_369' title='bbox 1795 3631 1850 3677; x_wconf 81' lang='lat' dir='ltr'><strong>me</strong></span> 
     </span>
     <span class='ocr_line' id='line_1_36' title="bbox 214 3705 1850 3790; baseline 0.002 -21"><span class='ocrx_word' id='word_1_370' title='bbox 214 3709 359 3769; x_wconf 91' lang='lat' dir='ltr'><strong>nendum</strong></span> <span class='ocrx_word' id='word_1_371' title='bbox 378 3708 411 3769; x_wconf 91' lang='lat' dir='ltr'><strong>et</strong></span> <span class='ocrx_word' id='word_1_372' title='bbox 425 3705 666 3769; x_wconf 81' lang='lat' dir='ltr'><strong>defendendum</strong></span> <span class='ocrx_word' id='word_1_373' title='bbox 679 3705 836 3768; x_wconf 85' lang='lat' dir='ltr'><strong>Ecclesiae</strong></span> <span class='ocrx_word' id='word_1_374' title='bbox 851 3710 1008 3770; x_wconf 84' lang='lat' dir='ltr'><strong>Romanae</strong></span> <span class='ocrx_word' id='word_1_375' title='bbox 1061 3710 1128 3772; x_wconf 90' lang='lat' dir='ltr'><strong>lius</strong></span> <span class='ocrx_word' id='word_1_376' title='bbox 1137 3709 1179 3772; x_wconf 92' lang='lat' dir='ltr'><strong>ad</strong></span> <span class='ocrx_word' id='word_1_377' title='bbox 1189 3709 1425 3773; x_wconf 83' lang='lat' dir='ltr'><strong>exaltationem</strong></span> <span class='ocrx_word' id='word_1_378' title='bbox 1433 3712 1581 3774; x_wconf 88' lang='lat' dir='ltr'><strong>nostram</strong></span> <span class='ocrx_word' id='word_1_379' title='bbox 1591 3712 1747 3786; x_wconf 89' lang='lat' dir='ltr'><strong>intendit,</strong></span> <span class='ocrx_word' id='word_1_380' title='bbox 1760 3714 1850 3790; x_wconf 77' lang='lat' dir='ltr'><strong>scrip</strong></span> 
     </span>
     <span class='ocr_line' id='line_1_37' title="bbox 215 3803 1848 3886; baseline 0.002 -19"><span class='ocrx_word' id='word_1_381' title='bbox 215 3822 354 3882; x_wconf 86' lang='lat' dir='ltr'><strong>regnum</strong></span> <span class='ocrx_word' id='word_1_382' title='bbox 385 3803 520 3867; x_wconf 83' lang='lat' dir='ltr'><strong>Siciliae.</strong></span> <span class='ocrx_word' id='word_1_383' title='bbox 549 3803 623 3864; x_wconf 87' lang='lat' dir='ltr'><strong>Tibi</strong></span> <span class='ocrx_word' id='word_1_384' title='bbox 651 3803 752 3865; x_wconf 89' lang='lat' dir='ltr'><strong>etiam</strong></span> <span class='ocrx_word' id='word_1_385' title='bbox 775 3803 909 3866; x_wconf 91' lang='lat' dir='ltr'><strong>domino</strong></span> <span class='ocrx_word' id='word_1_386' title='bbox 934 3822 1007 3869; x_wconf 90' lang='lat' dir='ltr'><strong>meo</strong></span> <span class='ocrx_word' id='word_1_387' title='bbox 1062 3807 1131 3869; x_wconf 87' lang='lat' dir='ltr'><strong>tum</strong></span> <span class='ocrx_word' id='word_1_388' title='bbox 1145 3808 1254 3886; x_wconf 90' lang='lat' dir='ltr'><strong>ipsum</strong></span> <span class='ocrx_word' id='word_1_389' title='bbox 1266 3807 1353 3871; x_wconf 92' lang='lat' dir='ltr'><strong>sicut</strong></span> <span class='ocrx_word' id='word_1_390' title='bbox 1364 3807 1553 3871; x_wconf 90' lang='lat' dir='ltr'><strong>continetur</strong></span> <span class='ocrx_word' id='word_1_391' title='bbox 1566 3810 1722 3884; x_wconf 77' lang='lat' dir='ltr'><strong>amerius</strong></span> <span class='ocrx_word' id='word_1_392' title='bbox 1733 3811 1848 3873; x_wconf 86' lang='lat' dir='ltr'><strong>confir·</strong></span> 
     </span>
     <span class='ocr_line' id='line_1_38' title="bbox 213 3894 1848 3979; baseline 0.003 -14"><span class='ocrx_word' id='word_1_393' title='bbox 213 3903 361 3965; x_wconf 89' lang='lat' dir='ltr'><strong>Honorio</strong></span> <span class='ocrx_word' id='word_1_394' title='bbox 374 3904 473 3979; x_wconf 82' lang='lat' dir='ltr'><strong>Papae</strong></span> <span class='ocrx_word' id='word_1_395' title='bbox 481 3900 514 3962; x_wconf 91' lang='lat' dir='ltr'><strong>et</strong></span> <span class='ocrx_word' id='word_1_396' title='bbox 526 3899 775 3961; x_wconf 90' lang='lat' dir='ltr'><strong>successoribus</strong></span> <span class='ocrx_word' id='word_1_397' title='bbox 786 3901 864 3974; x_wconf 90' lang='lat' dir='ltr'><strong>tuis,</strong></span> <span class='ocrx_word' id='word_1_398' title='bbox 877 3917 1006 3965; x_wconf 91' lang='lat' dir='ltr'><strong>omnem</strong></span> <span class='ocrx_word' id='word_1_399' title='bbox 1062 3920 1190 3967; x_wconf 87' lang='lat' dir='ltr'><strong>mamus</strong></span> <span class='ocrx_word' id='word_1_400' title='bbox 1215 3904 1414 3967; x_wconf 83' lang='lat' dir='ltr'><strong>etvolnmns</strong></span> <span class='ocrx_word' id='word_1_401' title='bbox 1434 3905 1476 3967; x_wconf 91' lang='lat' dir='ltr'><strong>ab</strong></span> <span class='ocrx_word' id='word_1_402' title='bbox 1498 3906 1651 3968; x_wconf 79' lang='lat' dir='ltr'><strong>omnibus</strong></span> <span class='ocrx_word' id='word_1_403' title='bbox 1672 3894 1848 3971; x_wconf 84' lang='lat' dir='ltr'><strong>observari.</strong></span> 
     </span>
     <span class='ocr_line' id='line_1_39' title="bbox 215 3997 1850 4083; baseline 0.002 -21"><span class='ocrx_word' id='word_1_404' title='bbox 215 3999 436 4062; x_wconf 89' lang='lat' dir='ltr'><strong>obedientiam</strong></span> <span class='ocrx_word' id='word_1_405' title='bbox 465 4000 499 4060; x_wconf 90' lang='lat' dir='ltr'><strong>et</strong></span> <span class='ocrx_word' id='word_1_406' title='bbox 517 3997 803 4060; x_wconf 77' lang='lat' dir='ltr'><strong>honorificentiam</strong></span> <span class='ocrx_word' id='word_1_407' title='bbox 832 3999 1006 4074; x_wconf 80' lang='lat' dir='ltr'><strong>exhibebo,</strong></span> <span class='ocrx_word' id='word_1_408' title='bbox 1061 4003 1101 4065; x_wconf 90' lang='lat' dir='ltr'><strong>Et</strong></span> <span class='ocrx_word' id='word_1_409' title='bbox 1118 4001 1159 4064; x_wconf 88' lang='lat' dir='ltr'><strong>ad</strong></span> <span class='ocrx_word' id='word_1_410' title='bbox 1176 4004 1338 4079; x_wconf 78' lang='lat' dir='ltr'><strong>majorem</strong></span> <span class='ocrx_word' id='word_1_411' title='bbox 1351 4002 1562 4065; x_wconf 85' lang='lat' dir='ltr'><strong>securitatem</strong></span> <span class='ocrx_word' id='word_1_412' title='bbox 1581 4019 1733 4081; x_wconf 89' lang='lat' dir='ltr'><strong>praesens</strong></span> <span class='ocrx_word' id='word_1_413' title='bbox 1753 4006 1850 4083; x_wconf 88' lang='lat' dir='ltr'><strong>scrip·</strong></span> 
     </span>
     <span class='ocr_line' id='line_1_40' title="bbox 215 4095 1848 4179; baseline 0.004 -21"><span class='ocrx_word' id='word_1_414' title='bbox 215 4115 313 4176; x_wconf 87' lang='lat' dir='ltr'><strong>quam</strong></span> <span class='ocrx_word' id='word_1_415' title='bbox 329 4097 438 4158; x_wconf 85' lang='lat' dir='ltr'><strong>devoti</strong></span> <span class='ocrx_word' id='word_1_416' title='bbox 459 4098 493 4158; x_wconf 90' lang='lat' dir='ltr'><strong>et</strong></span> <span class='ocrx_word' id='word_1_417' title='bbox 512 4095 668 4158; x_wconf 87' lang='lat' dir='ltr'><strong>catholici</strong></span> <span class='ocrx_word' id='word_1_418' title='bbox 689 4095 906 4173; x_wconf 86' lang='lat' dir='ltr'><strong>imperatores</strong></span> <span class='ocrx_word' id='word_1_419' title='bbox 927 4114 1008 4159; x_wconf 89' lang='lat' dir='ltr'><strong>eon·</strong></span> <span class='ocrx_word' id='word_1_420' title='bbox 1061 4098 1130 4160; x_wconf 88' lang='lat' dir='ltr'><strong>tum</strong></span> <span class='ocrx_word' id='word_1_421' title='bbox 1140 4098 1213 4160; x_wconf 87' lang='lat' dir='ltr'><strong>lieri</strong></span> <span class='ocrx_word' id='word_1_422' title='bbox 1222 4097 1372 4172; x_wconf 82' lang='lat' dir='ltr'><strong>lecimus,</strong></span> <span class='ocrx_word' id='word_1_423' title='bbox 1381 4097 1473 4160; x_wconf 86' lang='lat' dir='ltr'><strong>bulla</strong></span> <span class='ocrx_word' id='word_1_424' title='bbox 1481 4115 1584 4161; x_wconf 91' lang='lat' dir='ltr'><strong>aurea</strong></span> <span class='ocrx_word' id='word_1_425' title='bbox 1592 4100 1725 4179; x_wconf 64' lang='grc'>11113110</span> <span class='ocrx_word' id='word_1_426' title='bbox 1736 4104 1848 4164; x_wconf 80' lang='lat' dir='ltr'><strong>nosne</strong></span> 
     </span>
     <span class='ocr_line' id='line_1_41' title="bbox 214 4193 1847 4275; baseline 0.002 -18"><span class='ocrx_word' id='word_1_427' title='bbox 214 4195 394 4257; x_wconf 83' lang='lat' dir='ltr'><strong>sueverunt</strong></span> <span class='ocrx_word' id='word_1_428' title='bbox 413 4194 490 4256; x_wconf 83' lang='lat' dir='ltr'><strong>Sedi</strong></span> <span class='ocrx_word' id='word_1_429' title='bbox 511 4193 709 4271; x_wconf 88' lang='lat' dir='ltr'><strong>Apostollcae</strong></span> <span class='ocrx_word' id='word_1_430' title='bbox 730 4193 899 4256; x_wconf 79' lang='lat' dir='ltr'><strong>exhibere.</strong></span> <span class='ocrx_word' id='word_1_431' title='bbox 924 4195 1007 4258; x_wconf 90' lang='lat' dir='ltr'><strong>Etsi</strong></span> <span class='ocrx_word' id='word_1_432' title='bbox 1061 4195 1244 4275; x_wconf 77' lang='lat' dir='ltr'><strong>majestatis</strong></span> <span class='ocrx_word' id='word_1_433' title='bbox 1263 4195 1425 4273; x_wconf 87' lang='lat' dir='ltr'><strong>impressa</strong></span> <span class='ocrx_word' id='word_1_434' title='bbox 1443 4195 1631 4261; x_wconf 82' lang='lat' dir='ltr'><strong>formatum.</strong></span> <span class='ocrx_word' id='word_1_435' title='bbox 1652 4200 1774 4261; x_wconf 82' lang='lat' dir='ltr'><strong>Datum</strong></span> <span class='ocrx_word' id='word_1_436' title='bbox 1789 4202 1847 4260; x_wconf 82' lang='lat' dir='ltr'><strong>da·</strong></span> 
     </span>
     <span class='ocr_line' id='line_1_42' title="bbox 214 4292 1847 4370; baseline 0.004 -17"><span class='ocrx_word' id='word_1_437' title='bbox 214 4295 349 4370; x_wconf 87' lang='lat' dir='ltr'><strong>propter</strong></span> <span class='ocrx_word' id='word_1_438' title='bbox 368 4293 536 4368; x_wconf 79' lang='lat' dir='ltr'><strong>negotium</strong></span> <span class='ocrx_word' id='word_1_439' title='bbox 560 4307 670 4353; x_wconf 89' lang='lat' dir='ltr'><strong>meum</strong></span> <span class='ocrx_word' id='word_1_440' title='bbox 691 4294 874 4354; x_wconf 86' lang='lat' dir='ltr'><strong>Romanam</strong></span> <span class='ocrx_word' id='word_1_441' title='bbox 892 4293 1008 4355; x_wconf 90' lang='lat' dir='ltr'><strong>Eccle-</strong></span> <span class='ocrx_word' id='word_1_442' title='bbox 1060 4310 1150 4370; x_wconf 85' lang='lat' dir='ltr'><strong>puae,</strong></span> <span class='ocrx_word' id='word_1_443' title='bbox 1172 4294 1247 4370; x_wconf 90' lang='lat' dir='ltr'><strong>post</strong></span> <span class='ocrx_word' id='word_1_444' title='bbox 1270 4292 1396 4355; x_wconf 89' lang='lat' dir='ltr'><strong>curiam</strong></span> <span class='ocrx_word' id='word_1_445' title='bbox 1418 4293 1612 4357; x_wconf 86' lang='lat' dir='ltr'><strong>solemniter</strong></span> <span class='ocrx_word' id='word_1_446' title='bbox 1638 4296 1847 4367; x_wconf 85' lang='lat' dir='ltr'><strong>celebratam,</strong></span> 
     </span>
     <span class='ocr_line' id='line_1_43' title="bbox 213 4390 1850 4468; baseline 0.001 -16"><span class='ocrx_word' id='word_1_447' title='bbox 213 4392 297 4453; x_wconf 90' lang='lat' dir='ltr'><strong>siam</strong></span> <span class='ocrx_word' id='word_1_448' title='bbox 312 4390 495 4468; x_wconf 87' lang='lat' dir='ltr'><strong>oportuerit</strong></span> <span class='ocrx_word' id='word_1_449' title='bbox 509 4391 681 4452; x_wconf 89' lang='lat' dir='ltr'><strong>incurrere</strong></span> <span class='ocrx_word' id='word_1_450' title='bbox 696 4405 867 4467; x_wconf 80' lang='lat' dir='ltr'><strong>guerram,</strong></span> <span class='ocrx_word' id='word_1_451' title='bbox 885 4390 1007 4453; x_wconf 88' lang='lat' dir='ltr'><strong>subve-</strong></span> <span class='ocrx_word' id='word_1_452' title='bbox 1060 4406 1148 4453; x_wconf 93' lang='lat' dir='ltr'><strong>anno</strong></span> <span class='ocrx_word' id='word_1_453' title='bbox 1158 4390 1337 4452; x_wconf 87' lang='lat' dir='ltr'><strong>Dominieae</strong></span> <span class='ocrx_word' id='word_1_454' title='bbox 1350 4392 1594 4454; x_wconf 87' lang='lat' dir='ltr'><strong>incarnationis</strong></span> <span class='ocrx_word' id='word_1_455' title='bbox 1607 4393 1786 4457; x_wconf 88' lang='lat' dir='ltr'><strong>millesimo</strong></span> <span class='ocrx_word' id='word_1_456' title='bbox 1799 4394 1850 4455; x_wconf 91' lang='lat' dir='ltr'><strong>du·</strong></span> 
     </span>
     <span class='ocr_line' id='line_1_44' title="bbox 212 4487 1847 4569; baseline 0.001 -20"><span class='ocrx_word' id='word_1_457' title='bbox 212 4491 302 4551; x_wconf 89' lang='lat' dir='ltr'><strong>niam</strong></span> <span class='ocrx_word' id='word_1_458' title='bbox 332 4490 363 4550; x_wconf 91' lang='lat' dir='ltr'><strong>ei</strong></span> <span class='ocrx_word' id='word_1_459' title='bbox 399 4489 484 4551; x_wconf 87' lang='lat' dir='ltr'><strong>siout</strong></span> <span class='ocrx_word' id='word_1_460' title='bbox 515 4488 697 4550; x_wconf 88' lang='lat' dir='ltr'><strong>necessitas</strong></span> <span class='ocrx_word' id='word_1_461' title='bbox 723 4487 941 4566; x_wconf 77' lang='lat' dir='ltr'><strong>postulaverit</strong></span> <span class='ocrx_word' id='word_1_462' title='bbox 969 4489 1005 4550; x_wconf 90' lang='lat' dir='ltr'><strong>in</strong></span> <span class='ocrx_word' id='word_1_463' title='bbox 1060 4488 1242 4551; x_wconf 90' lang='lat' dir='ltr'><strong>centesimo</strong></span> <span class='ocrx_word' id='word_1_464' title='bbox 1254 4487 1415 4565; x_wconf 74' lang='lat' dir='ltr'><strong>vigesimo</strong></span> <span class='ocrx_word' id='word_1_465' title='bbox 1428 4488 1546 4565; x_wconf 88' lang='lat' dir='ltr'><strong>primo,</strong></span> <span class='ocrx_word' id='word_1_466' title='bbox 1561 4505 1676 4552; x_wconf 90' lang='lat' dir='ltr'><strong>mense</strong></span> <span class='ocrx_word' id='word_1_467' title='bbox 1684 4491 1847 4569; x_wconf 89' lang='lat' dir='ltr'><strong>januario,</strong></span> 
     </span>
     <span class='ocr_line' id='line_1_45' title="bbox 213 4584 1848 4668; baseline 0.002 -19"><span class='ocrx_word' id='word_1_468' title='bbox 213 4588 378 4665; x_wconf 79' lang='lat' dir='ltr'><strong>expensis.</strong></span> <span class='ocrx_word' id='word_1_469' title='bbox 395 4587 602 4649; x_wconf 81' lang='lat' dir='ltr'><strong>Omniavero</strong></span> <span class='ocrx_word' id='word_1_470' title='bbox 614 4585 813 4663; x_wconf 89' lang='lat' dir='ltr'><strong>supradicta</strong></span> <span class='ocrx_word' id='word_1_471' title='bbox 826 4586 1004 4664; x_wconf 75' lang='grc'>131111113-</span> <span class='ocrx_word' id='word_1_472' title='bbox 1059 4584 1239 4648; x_wconf 90' lang='lat' dir='ltr'><strong>indictione</strong></span> <span class='ocrx_word' id='word_1_473' title='bbox 1267 4600 1373 4659; x_wconf 88' lang='lat' dir='ltr'><strong>nona,</strong></span> <span class='ocrx_word' id='word_1_474' title='bbox 1405 4588 1439 4647; x_wconf 89' lang='lat' dir='ltr'><strong>et</strong></span> <span class='ocrx_word' id='word_1_475' title='bbox 1469 4602 1559 4649; x_wconf 91' lang='lat' dir='ltr'><strong>anno</strong></span> <span class='ocrx_word' id='word_1_476' title='bbox 1589 4588 1723 4668; x_wconf 88' lang='lat' dir='ltr'><strong>imperii</strong></span> <span class='ocrx_word' id='word_1_477' title='bbox 1750 4586 1848 4653; x_wconf 86' lang='lat' dir='ltr'><strong>nostrl</strong></span> 
     </span>
     <span class='ocr_line' id='line_1_46' title="bbox 212 4681 1473 4762; baseline 0.001 -16"><span class='ocrx_word' id='word_1_478' title='bbox 212 4686 321 4747; x_wconf 87' lang='lat' dir='ltr'><strong>mento</strong></span> <span class='ocrx_word' id='word_1_479' title='bbox 335 4700 432 4761; x_wconf 89' lang='lat' dir='ltr'><strong>qnam</strong></span> <span class='ocrx_word' id='word_1_480' title='bbox 453 4684 575 4760; x_wconf 87' lang='lat' dir='ltr'><strong>scripto</strong></span> <span class='ocrx_word' id='word_1_481' title='bbox 596 4682 733 4746; x_wconf 86' lang='lat' dir='ltr'><strong>firmabo</strong></span> <span class='ocrx_word' id='word_1_482' title='bbox 752 4699 853 4762; x_wconf 84' lang='lat' dir='ltr'><strong>quum</strong></span> <span class='ocrx_word' id='word_1_483' title='bbox 872 4683 1006 4762; x_wconf 88' lang='lat' dir='ltr'><strong>imperil</strong></span> <span class='ocrx_word' id='word_1_484' title='bbox 1059 4683 1178 4760; x_wconf 89' lang='lat' dir='ltr'><strong>primo,</strong></span> <span class='ocrx_word' id='word_1_485' title='bbox 1189 4681 1341 4746; x_wconf 81' lang='lat' dir='ltr'><strong>feliciter.</strong></span> <span class='ocrx_word' id='word_1_486' title='bbox 1357 4687 1473 4747; x_wconf 82' lang='lat' dir='ltr'><strong>Amen.</strong></span> 
     </span>
    </p>
   </div>
   <div class='ocr_carea' id='block_1_13' title="bbox 0 0 1972 6192">
    <p class='ocr_par' dir='ltr' id='par_1_13' title="bbox 0 0 1972 6192">
     <span class='ocr_line' id='line_1_47' title="bbox 0 0 1972 6192; baseline 0 1"><span class='ocrx_word' id='word_1_487' title='bbox 0 0 1972 6192; x_wconf 95' lang='lat' dir='ltr'><strong> </strong></span> 
     </span>
    </p>
   </div>
  </div>
 </body>
</html>
