3936 6182
198 360 258 422 aaa
813 355 990 417 uouoau
1011 355 1057 417 111
1079 354 1227 416 orum.
1793 365 1851 426 500
1959 356 1960 361 Ν

200 517 404 583 Exciderunt
421 533 465 579 ex
487 516 540 578 his
561 515 685 592 multa;
713 513 844 578 desiere
863 531 994 594 qunque
1048 510 1209 577 Ecclesia
1224 512 1447 593 persolvendi,
1467 531 1556 579 anno
1578 519 1657 581 1290
1676 520 1719 582 ab
1741 522 1853 585 eccle-

200 633 322 680 census
347 632 415 678 non
437 615 545 693 pauci,
571 629 711 693 quorum
735 612 883 675 omnium
904 629 997 675 com·
1049 612 1108 673 siis
1130 612 1164 673 et
1182 611 1398 675 monasteriis
1412 614 1555 690 gallicis.
1572 618 1682 678 Unum
1698 618 1852 682 tantum-

200 715 312 793 plexio
327 731 393 776 non
410 715 542 776 tenuem
566 715 724 774 Romanae
738 711 895 773 Ecclesiae
916 727 996 789 pro-
1049 709 1432 772 mododissimulandum
1444 714 1581 788 nonest,
1596 714 1850 780 scilicetGencii

200 814 335 874 uentum
363 812 442 873 olim
461 809 621 889 pariebat.
649 809 711 870 Sed
734 807 767 870 et
787 808 859 870 liaec
883 807 995 870 omnia
1050 807 1135 871 libro
1152 806 1263 869 addita
1278 808 1429 885 quadam
1452 809 1592 873 subinde
1615 810 1721 874 luisse
1740 830 1762 874 a
1776 830 1852 876 suo-

200 926 309 982 nesse,
339 909 380 971 ad
415 908 611 970 eruditionis
646 905 882 969 ecclesiasticae
912 922 997 984 aug·
1049 905 1236 967 cessoribus
1249 906 1458 984 camerariis;
1476 924 1516 970 ac
1524 911 1701 987 propterea
1712 911 1851 976 mimme

200 1009 346 1070 mentum
361 1006 498 1084 spectat.
516 1008 596 1067 Cum
611 1004 704 1066 hisce
719 1019 917 1081 componere
940 1021 997 1082 po·
1049 1004 1171 1066 mirere
1200 1003 1230 1065 si
1256 1003 1291 1065 in
1315 1020 1422 1081 pauca
1446 1007 1648 1071 monasteria
1676 1024 1849 1083 occurras,

199 1105 281 1168 teris
308 1105 435 1166 bullam
458 1102 590 1166 Nicolai
616 1105 659 1165 IV
686 1105 805 1179 Papae,
831 1102 995 1164 editama
1050 1102 1173 1163 saeculo
1189 1100 1362 1167 dumtaxat
1382 1104 1421 1165 13
1440 1103 1588 1167 lundata.
1604 1108 1737 1169 Horum
1757 1107 1852 1171 addi·

201 1202 330 1265 clariss.
353 1202 526 1264 monachis
547 1200 770 1263 Benedictinis
795 1200 947 1262 Martene
963 1201 996 1262 et
1048 1200 1229 1262 tamentum
1242 1198 1325 1260 nihil
1336 1199 1440 1263 oldcit
1451 1201 1529 1263 fidei
1541 1203 1676 1278 codicis,
1689 1221 1760 1284 quo
1780 1222 1850 1267 sum
1960 1272 1961 1275 ,

202 1300 348 1374 Durand,
363 1299 397 1361 in
409 1299 488 1362 tom.
502 1300 543 1371 ΙΙ,
559 1315 591 1376 p.
604 1298 991 1372 1301,Vecer.scriptor.
1049 1313 1140 1370 usus,
1165 1311 1272 1375 neque
1295 1297 1431 1360 dubium
1447 1299 1527 1397 lacit
1547 1301 1690 1378 primum
1715 1319 1759 1365 ac
1777 1319 1852 1379 ger-

201 1399 351 1472 Coltect.,
374 1397 430 1460 ubi
451 1396 668 1459 recensentur
691 1410 811 1457 census
835 1397 994 1458 Romame
1048 1410 1184 1458 manum
1198 1395 1298 1475 bidus
1310 1396 1454 1476 catalogi
1466 1398 1647 1462 auctorem.

348 1830 766 2004 INCIPIT
821 1835 1144 2004 LIBER
1198 1833 1708 2008 GENSUUM

708 2198 982 2290 ROMANAE
1023 2200 1342 2294 EGCLESIAE

199 2464 447 2525 SECUNDUM
464 2465 757 2530 ANTIQUORUM
775 2464 964 2527 PATREM
974 2459 1023 2544 (a)
1042 2466 1243 2528 REGESTA
1263 2467 1325 2529 Er
1340 2466 1630 2530 MEMORJALIA
1652 2469 1705 2527 DI
1711 2470 1847 2531 VERSA

613 2635 732 2697 ANNO
754 2635 1086 2700 INCARNATIONIS
1107 2638 1330 2701 DOMINICAE
1352 2638 1432 2701 1192

541 2805 768 2880 Pouttficatus
796 2809 967 2871 Caelestini
996 2813 1106 2885 Popae
1135 2810 1195 2871 ΙΙΙ
1222 2823 1314 2870 arico
1342 2809 1502 2871 accurrite.

237 3391 395 3454 Ecclesiae
410 3394 568 3455 Romanae
583 3406 742 3455 censuum
761 3407 844 3470 opus
854 3393 925 3472 jam
940 3407 996 3454 re-
1052 3388 1171 3463 tentes,
1187 3386 1361 3450 censuales
1371 3387 1493 3461 essent,
1503 3384 1556 3449 vel
1573 3387 1736 3465 quantum
1754 3387 1849 3451 debe-

196 3488 324 3552 troacto
342 3491 490 3568 tempore
511 3505 531 3551 a
551 3489 749 3568 quibusdam
765 3491 842 3552 aliis
860 3491 997 3553 ordina·
1050 3487 1124 3549 rent
1141 3486 1340 3564 persolvere,
1363 3485 1484 3549 instrui
1505 3485 1655 3562 plenarie
1669 3502 1738 3548 non
1755 3488 1846 3549 vale-

196 3586 277 3658 tum‚
294 3603 354 3648 cur
367 3587 561 3649 reordinare
573 3604 656 3666 opus
671 3587 772 3650 scierit
790 3587 824 3650 et
846 3604 994 3661 necesse,
1049 3585 1125 3647 rent
1139 3601 1147 3640 τ
1162 3582 1278 3645 eadem
1293 3586 1443 3647 Romana
1457 3582 1605 3644 Ecclesia
1617 3582 1846 3646 detrimentum

196 3697 259 3759 ego
284 3682 430 3756 Gentius,
463 3683 584 3762 quond.
615 3684 723 3746 salicis
754 3685 996 3748 recordationis
1050 3681 1241 3744 incurrebat
1264 3696 1331 3744 non
1360 3680 1526 3742 modicum
1554 3681 1587 3743 et
1607 3682 1788 3758 jacturam.
1814 3680 1847 3742 Id

196 3778 374 3841 Clementis
407 3783 507 3858 Papae
543 3783 601 3854 ΙΙΙ,
634 3797 723 3844 nunc
751 3797 831 3844 vero
871 3781 996 3844 domini
1051 3781 1164 3857 utique
1179 3778 1386 3855 comperiens
1401 3779 1434 3841 et
1458 3777 1587 3852 ridens,
1615 3795 1669 3840 me
1695 3778 1738 3841 de
1761 3777 1848 3841 sacili

196 3875 366 3937 coelestini
402 3878 501 3954 Papae
534 3878 581 3939 111
615 3877 830 3950 camerarius,
866 3880 996 3942 Sanctae
1049 3875 1848 3955 passeremediumbuicdamnnpraestare,recog-

195 3972 312 4034 Mariae
326 3974 463 4052 Majoris
479 3973 578 4035 Urbis
599 3974 790 4048 canonicus,
806 3974 952 4038 breviter
963 3977 997 4039 et
1050 3991 1190 4037 noscens
1216 3974 1316 4036 etiam
1339 3989 1517 4052 personam
1543 3989 1663 4047 meam,
1692 3990 1713 4035 a
1736 3976 1847 4036 sancta

196 4070 311 4147 aperte
337 4070 533 4148 respondeo.
562 4074 667 4144 Quum
693 4071 800 4134 felicis
827 4074 995 4136 memoriae
1050 4075 1199 4134 Romana
1214 4070 1362 4133 Ecclesia
1373 4070 1489 4148 primis
1504 4070 1712 4132 acunabulis
1724 4070 1847 4134 educa-

195 4166 362 4243 Eugenius
371 4168 489 4245 primo,
502 4169 535 4231 et
544 4169 708 4231 Adrianus
724 4172 814 4247 Papa
823 4187 996 4234 successor
1048 4173 1128 4244 tam,
1157 4171 1342 4248 promotam
1376 4169 1411 4231 in
1442 4168 1594 4231 omnibus
1625 4168 1659 4231 et
1692 4172 1846 4236 creatam,

195 4263 312 4342 ipsius,
333 4270 366 4327 et
387 4266 521 4344 quidam
535 4267 594 4328 alii
614 4265 734 4331 deinde
749 4268 900 4346 quaedam
924 4286 997 4331 me-
1048 4268 1201 4346 vigilanti
1220 4268 1319 4347 atque
1342 4267 1530 4329 vehementi
1543 4267 1760 4329 meditatione
1775 4283 1846 4329 mo-

194 4362 359 4438 moriaIIa,
376 4364 560 4443 semiplena
581 4366 704 4440 tamen,
720 4382 783 4427 nec
805 4365 996 4430 authentice
1049 4369 1113 4440 tus,
1123 4382 1243 4429 census
1255 4365 1354 4443 ipsos,
1370 4365 1456 4425 sicut
1469 4365 1505 4425 in
1518 4365 1616 4426 tomis
1627 4364 1843 4435 charticiniis,

195 4461 330 4539 scripta,
345 4479 405 4524 seu
418 4463 571 4526 ordinata
585 4463 619 4524 in
634 4464 767 4541 scriptis
782 4463 823 4526 de
840 4463 995 4526 censibus
1050 4464 1082 4526 et
1092 4462 1315 4526 voluminibus
1324 4462 1532 4539 regestorum
1542 4463 1755 4540 antiquorum
1768 4466 1846 4525 Pon·

194 4559 420 4637 redegIssent‚
455 4562 488 4624 et
517 4561 642 4640 posteri
675 4562 746 4623 sive
784 4578 994 4626 successores
1049 4563 1175 4625 tilicum
1195 4563 1353 4623 Romanae
1375 4560 1531 4622 Ecclesiae
1552 4560 1585 4622 et
1600 4560 1843 4627 modernorum,

194 4671 309 4718 eorum
331 4674 390 4735 per
409 4659 616 4721 memorialia
641 4658 723 4737 ipsa,
745 4676 818 4737 quae
831 4659 992 4734 ecclesiae,
1049 4661 1082 4723 et
1094 4660 1236 4722 aliorum
1246 4658 1407 4720 librorum
1418 4658 1647 4736 quorumdam,
1659 4650 1721 4719 seu
1731 4673 1845 4720 memo

193 4753 247 4814 vel
285 4757 499 4828 monasteria,
543 4756 738 4834 hospitalia,
778 4772 838 4817 seu
878 4758 994 4819 domus
1049 4756 1184 4818 rialium
1213 4755 1382 4816 veracium
1410 4754 1534 4827 inveni,
1560 4754 1624 4816 etsi
1645 4770 1714 4816 non
1736 4768 1844 4817 omnes

196 4849 469 4929 eleemosynariae
486 4851 596 4932 (quod
607 4853 712 4914 ferme
726 4852 814 4914 idem
826 4870 901 4916 esse
916 4855 994 4933 dig·
1049 4856 1235 4933 producens
1247 4853 1283 4915 in
1293 4853 1450 4922 medium,
1462 4852 1563 4914 certis
1574 4852 1700 4929 regnis,
1713 4853 1845 4930 prosm-

195 4947 361 5029 noscitur)
397 4965 470 5027 quae
501 4950 601 5011 etiam
636 4950 805 5023 civitates,
837 4953 992 5028 castella,
1049 4954 1122 5027 ciis,
1136 4951 1393 5031 episcopatibus,
1411 4953 1510 5028 atque
1525 4949 1609 5012 locis
1629 4948 1845 5028 apraemissis

194 5044 295 5119 villae,
312 5047 365 5108 vel
383 5046 498 5108 domus
523 5047 696 5125 speciales,
724 5064 783 5109 seu
801 5049 857 5126 qui
885 5066 992 5128 reges,
1048 5053 1159 5113 tamen
1175 5049 1328 5112 Patribus
1337 5049 1462 5110 sanctis
1472 5047 1627 5125 primitus
1638 5048 1841 5120 constitutos,

195 5145 253 5206 aut
266 5145 433 5223 principes
457 5145 492 5205 in
510 5148 566 5223 jus
591 5147 624 5208 et
644 5147 880 5224 proprietatem
905 5149 994 5212 beati
1049 5149 1263 5226 inquantum
1291 5147 1432 5209 facultas
1456 5145 1619 5223 permisit,
1645 5147 1681 5208 ut
1706 5146 1844 5208 inferius

194 5243 286 5305 Petri
310 5246 343 5305 et
362 5245 486 5306 sanctae
513 5247 671 5307 Romanae
686 5246 843 5309 Ecclesiae
864 5248 993 5324 persis·
1048 5247 1272 5320 annotabitur,
1299 5244 1469 5322 insignivi.
1494 5244 1607 5304 Novos
1633 5259 1764 5318 census,
1790 5241 1843 5321 qui

192 5409 270 5538 Aio)
286 5411 476 5494 Autipmrum
498 5412 629 5496 Petrum.
653 5416 696 5471 Ex
711 5414 746 5472 iis
761 5412 865 5498 irritat
879 5416 991 5500 opinor!
1049 5411 1454 5540 Erasmiiecitcum'iigerim
1471 5408 1844 5539 primicei·iianlie1()lissipos-¹

194 5484 991 5636 „bilbilislittltllilbllilittdbf
1047 5488 1173 5615 illan
1187 5484 1612 5683 llinlilfaiitrssittte
1626 5496 1843 5612 mutilat
1961 5560 1963 5631 ᾧ

192 5627 290 5750 Ilm
308 5632 384 5680 actui
398 5627 634 5706 ¹commutationis
663 5627 752 5686 Fundi
774 5629 881 5712 Plauto,
906 5643 991 5712 quam
1048 5642 1135 5696 nono,
1157 5624 1328 5717 quemadmo
1351 5639 1398 5708 um
1422 5625 1526 5698 legitur
1547 5622 1735 5706 runcatalogo
1757 5623 1841 5682 decu·

221 5693 329 5750 reolaus
358 5710 510 5771 episcopus
531 5705 560 5755 et
585 5698 673 5757 abbas
700 5706 866 5757 morrasteru
890 5701 985 5758 Sanco
1049 5706 1208 5757 mentorum
1232 5697 1414 5756 sublacensis
1437 5701 1612 5754 monastero.
