3952 6188
104 329 171 393 717
616 324 663 391 IN
684 323 888 390 nomiman
910 320 1256 389 SEPTUAGESIMAE.
1698 319 1759 381 718

106 470 244 552 sobrios
257 483 384 559 reddat,
396 487 430 547 et
443 485 480 548 ut
493 482 910 565 oallxnosterquemotie-
965 481 1057 546 cordi
1076 481 1252 557 audientis,
1274 481 1444 544 invanum
1465 477 1595 542 laborat
1609 476 1758 541 exterius

106 585 221 647 mmus
243 583 279 646 in
293 583 403 657 altari,
428 583 473 645 811
485 582 667 658 inebrians,
690 585 724 646 et
744 584 788 647 sit
808 598 908 662 quam
964 580 1079 656 lingua
1094 580 1286 644 doctoris.»

107 681 307 761 praeclarus.
1005 679 1040 740 Si
1055 693 1134 756 ergo
1149 693 1207 741 cor
1225 681 1377 740 nostrum
1391 677 1489 739 vinea
1511 679 1572 748 est,
1597 672 1758 735 faciamus

150 779 271 841 Nostis
285 777 397 851 etiam,
414 776 545 848 naues,
566 777 653 856 quod
672 778 701 840 si
716 779 792 856 quis
813 777 912 840 audi·
964 776 1050 838 sicut
1062 776 1140 837 boni
1156 776 1310 837 cultores.
1329 775 1520 837 nllevemns
1542 773 1628 834 vites
1647 770 1756 832 bona-

107 877 164 940 tor
175 876 230 938 est
242 874 350 945 verbi,
366 875 533 938 autetiam
543 875 658 938 doctor
667 875 701 938 et
714 891 781 938 non
791 875 908 949 lactor,
964 889 1038 936 rum
1073 872 1323 936 meditationum
1360 874 1394 934 et
1427 871 1636 933 destruamus
1671 868 1758 931 uites

107 973 363 1051 comparabitur
375 972 448 1035 viro
463 973 688 1036 consideranti
703 974 832 1036 vultum
847 988 911 1035 na·
964 973 1127 1034 malarum
1159 969 1416 1047 cogitationum,
1447 970 1488 1031 de
1524 968 1645 1046 quihus
1679 965 1761 1028 dicit

107 1070 257 1133 tivitatis
278 1084 349 1131 suae
369 1068 405 1130 in
429 1068 576 1147 speculo.
605 1070 645 1132 nt
671 1069 795 1142 notate,
823 1068 910 1146 quod
965 1070 1071 1132 isaias
1093 1067 1134 1148 (l,
1155 1066 1207 1148 16)
1229 1065 1402 1143 :Auferte
1424 1065 1758 1142 molumcopttatto-

107 1168 273 1246 antiquus
291 1167 349 1229 ille
369 1166 498 1229 dierum
517 1170 612 1246 cujus
630 1167 743 1244 capilli
762 1166 841 1229 sunt
862 1165 911 1227 si·
964 1184 1050 1230 oum
1069 1167 1270 1230 vestrorum
1282 1168 1325 1227 od
1348 1167 1454 1226 cordis
1475 1166 1574 1225 mels.
1590 1165 1616 1224 Ο
1633 1161 1682 1222 iili
1696 1161 1761 1223 ho-

107 1265 166 1328 001
195 1265 277 1326 lana
305 1264 445 1335 munda,
473 1264 714 1343 paterfamilias
740 1264 907 1338 videlicet,
964 1265 1074 1339 minis,
1091 1264 1121 1325 si
1135 1264 1246 1326 custos
1260 1263 1369 1324 vineae
1381 1261 1490 1323 cordis
1500 1260 1550 1322 tui
1564 1275 1614 1333 es,
1631 1259 1661 1320 si
1674 1273 1757 1335 ope-

108 1362 180 1436 llle,
197 1362 259 1441 qui
277 1361 360 1424 exiit
381 1361 488 1439 primo
502 1377 600 1424 mane
618 1362 806 1425 conducens
830 1377 912 1441 ope-
964 1363 1075 1426 rarius
1083 1360 1451 1439 esoportettevineam
1466 1359 1572 1435 ipsam
1586 1356 1756 1431 excolere,

107 1460 224 1523 rarios
252 1460 289 1521 in
314 1459 449 1522 vineam
472 1474 578 1533 suam,
602 1475 811 1538 nequaquam
830 1475 911 1522 con-
965 1463 999 1523 et
1025 1459 1114 1522 nosti
1142 1459 1221 1537 qnia
1244 1448 1371 1520 dnobus
1404 1456 1530 1529 modis,
1558 1452 1758 1517 removendo

107 1557 209 1620 duxit
228 1556 401 1619 sorbarios
429 1555 487 1618 sed
509 1557 680 1634 operarios
708 1556 743 1617 in
763 1556 908 1629 vineam,
965 1557 1093 1620 scilicet
1115 1557 1234 1619 nociva
1256 1556 1290 1618 et
1313 1554 1492 1634 plantando
1517 1552 1625 1615 utilia.
1646 1550 1695 1614 Ad
1711 1551 1760 1612 sio

109 1654 191 1733 quia
209 1654 248 1717 et
267 1654 340 1731 ipsa
359 1653 458 1717 vinea
477 1669 685 1732 nequaquam
707 1653 827 1717 fuisset
845 1670 909 1715 ex-

108 1751 201 1815 culta
232 1767 293 1829 per
319 1749 423 1813 verba
445 1751 746 1829 quantumcumque
766 1750 912 1813 inissent

107 1850 245 1919 ornata,
264 1849 331 1910 nisi
350 1849 569 1911 accessissent
584 1849 618 1911 et
635 1864 748 1926 opera.
776 1849 816 1911 Et
833 1848 910 1911 ideo

108 1947 170 2008 ille
184 1947 244 2024 qni
259 1947 358 2024 coepit
372 1945 515 2025 primum
529 1945 640 2008 facere
660 1947 694 2008 et
712 1947 827 2023 postea
846 1945 910 2008 do-

107 2058 201 2118 cere,
219 2060 260 2105 eo
279 2043 453 2121 quoderat
470 2045 586 2121 potens
605 2043 641 2105 in
662 2059 762 2121 opere
784 2044 818 2105 et
836 2058 911 2105 ser-

109 2156 212 2203 mone
225 2156 337 2203 coram
351 2143 464 2204 Decet
478 2141 567 2203 omni
577 2140 710 2219 populo,
722 2142 910 2218 exemplum

109 2237 206 2301 dedit
220 2238 316 2301 nobis
331 2239 367 2301 ut
381 2238 415 2319 et
431 2253 492 2299 nos
511 2238 558 2300 ita
578 2237 752 2300 iaciamus.
774 2241 861 2314 Ergo
878 2237 912 2300 et

108 2349 186 2407 nos,
203 2334 336 2407 iratres,
352 2348 531 2411 sequamur
543 2334 686 2409 vestigia
700 2337 783 2410 ejus.

150 2434 236 2495 Post
264 2431 351 2492 hanc
389 2430 553 2494 culturam
587 2429 745 2492 debemus
776 2430 911 2492 vineam

107 2528 264 2603 cingere,
284 2526 378 2605 palos
401 2526 580 2603 infigendo,
610 2526 643 2589 et
669 2525 720 2589 eis
747 2527 846 2601 vites,
875 2528 911 2590 ut

106 2624 331 2697 sustentetur,
361 2623 542 2698 alligando.
571 2626 663 2685 Tunc
696 2624 785 2686 enim
817 2624 911 2703 pulos

108 2724 219 2788 sortes
233 2724 403 2801 infigimus
418 2741 493 2786 cum
508 2710 659 2803 exempla
674 2725 863 2788 sanctorum
878 2726 911 2789 et

109 2822 334 2884 auctoritates
348 2824 381 2884 et
391 2822 550 2892 rationes,
567 2822 803 2884 similitudines
817 2824 850 2886 et
863 2825 911 2884 vi·

108 2919 166 2981 tas
182 2919 422 2987 consessorum,
438 2919 471 2980 et
484 2920 657 2997 passiones
676 2920 858 2997 martyrum
876 2922 910 2984 et

109 3015 485 3079 aeternorumbonorum
500 3015 631 3079 sortiter
640 3017 808 3079 memoria
819 3030 910 3080 com-

111 3113 320 3175 mendamus.
337 3117 427 3176 Tunc
441 3115 537 3186 vites,
556 3115 593 3176 ut
606 3114 842 3189 sustententur,
859 3116 910 3177 al-

113 3210 271 3288 ligamus,
288 3211 418 3289 quando
429 3211 564 3273 assidua
578 3212 792 3275 meditatione
806 3204 908 3276 vium

113 3310 305 3371 sanctornm
326 3310 448 3371 nostrae
476 3309 596 3370 mentis
616 3309 721 3370 oculis
746 3310 909 3387 proponi-

112 3421 204 3476 mus,
240 3406 278 3469 ut
315 3404 357 3467 ad
392 3404 581 3482 exemplum
615 3406 648 3466 et
677 3405 910 3468 rectitudinem

112 3518 231 3566 eorum
258 3502 361 3567 uum
389 3502 423 3565 et
449 3516 558 3564 mores
577 3502 708 3564 nosnos
726 3517 910 3581 compona-

113 3616 199 3663 mus.

151 3698 280 3763 Ultimo
295 3697 368 3760 loco
387 3696 544 3760 debemm
558 3697 749 3761 recalceare
762 3698 907 3774 vineam,

112 3795 304 3858 reducendo
330 3798 454 3858 terram
481 3795 523 3857 ad
549 3795 696 3869 radices,
722 3796 755 3858 et
785 3812 909 3874 coope-

113 3891 232 3953 riendo
247 3890 333 3969 quod
349 3891 441 3968 prius
455 3892 529 3953 erat
542 3890 707 3953 detectum
721 3893 755 3955 et
770 3894 805 3954 ut
819 3895 909 3953 terra

114 3988 157 4050 sit
176 3988 302 4050 habilis
316 3986 357 4049 ad
372 3988 518 4066 pluviam
534 3989 821 4065 supervenientem
836 3989 911 4051 ehi·

114 4082 267 4148 bandam.
296 4088 389 4147 Tunc
416 4085 505 4147 enim
530 4085 660 4148 radices
684 4087 907 4164 cooperimus,

115 4197 187 4246 cum
213 4183 372 4263 quidquid
397 4182 476 4245 boni
507 4183 542 4243 in
561 4182 657 4244 nobis
679 4185 744 4255 est,
772 4200 909 4246 avanae

115 4280 230 4356 gloriae
245 4283 278 4344 et
291 4281 429 4343 humani
448 4279 573 4341 favoris
597 4281 746 4358 appetitu
769 4280 911 4343 abscon-

115 4376 235 4452 dimus,
265 4379 302 4439 nt
324 4378 365 4440 ab
385 4378 443 4439 illo
462 4377 519 4454 qui
542 4377 634 4438 videt
654 4376 690 4438 in
704 4377 908 4450 abscondito,

117 4476 302 4539 mercedem
322 4475 534 4553 recipiamus.
550 4476 642 4536 Tunc
658 4474 783 4536 terram
797 4475 839 4535 ad
856 4491 912 4536 re-

118 4574 300 4651 ceptionem
320 4573 440 4651 pluviae
459 4572 686 4644 debilitamus
708 4572 838 4649 quando
854 4588 912 4634 cor

119 4674 266 4734 nostrum
297 4671 340 4733 ad
370 4668 564 4746 recipienda
597 4669 747 4733 coelestia
779 4668 921 4748 eloquia

120 4769 151 4830 ct
167 4769 330 4832 salutaria
343 4767 620 4846 praedicationum
635 4768 761 4829 monita
776 4784 910 4846 praepa-

119 4879 240 4929 ramus.
253 4866 336 4940 Quia
352 4865 467 4944 pluvia
482 4863 649 4939 significat
662 4865 820 4941 gratiam3
837 4865 912 4943 pln-

120 4963 246 5026 riarum
289 4961 414 5024 inlusio
454 4962 507 5023 est
547 4961 730 5037 gratiarum
767 4963 910 5039 Spiritus

122 5060 230 5124 sancti
250 5060 399 5133 donatio,
424 5059 513 5137 quia,
538 5059 625 5120 sicut
647 5060 733 5121 vites
755 5060 913 5122 nutriun-

121 5154 172 5219 tur
184 5158 310 5236 pluvia,
326 5157 374 5219 ita
388 5156 467 5219 boni
482 5155 634 5218 homines
651 5156 826 5219 firmantur
841 5157 913 5234 spi-

965 1654 1181 1719 excolendam
1193 1653 1325 1716 vineam
1348 1652 1460 1729 posuit
1473 1652 1506 1712 te
1529 1650 1688 1712 Dominus
1702 1664 1760 1710 se-

965 1753 1110 1815 cundum
1122 1752 1209 1830 quod
1223 1751 1297 1828 ipse
1310 1749 1358 1812 ait
1377 1766 1386 1806 ε
1408 1752 1506 1819 Ecce,
1523 1747 1645 1821 100011,
1657 1747 1761 1821 posco

965 1852 998 1914 te
1007 1852 1200 1924 0101081000
1210 1849 1246 1910 et
1259 1852 1393 1917 welloe,
1405 1846 1553 1918 aedifices
1566 1844 1600 1906 ct
1609 1843 1758 1918 plautae.

965 1947 1101 2029 (ierem.
1124 1961 1147 2019 1,
1171 1943 1237 2024 10.)
1261 1944 1408 2020 Dissipes
1432 1944 1466 2004 et
1490 1941 1616 2004 evellas
1639 1940 1758 2002 nociva

965 2047 1075 2110 cordis
1084 2045 1145 2119 tui,
1158 2043 1301 2107 aedifices
1312 2044 1344 2104 et
1351 2042 1481 2119 plantes
1493 2040 1590 2103 utilia
1602 2039 1637 2101 in
1650 2040 1759 2102 mente

964 2146 1033 2207 tua.
1056 2142 1204 2220 Dissipes
1229 2141 1263 2203 et
1285 2138 1411 2202 evellas
1435 2138 1529 2210 vitia,
1556 2136 1701 2200 edifices
1727 2136 1761 2198 et

965 2239 1096 2319 plantes
1114 2238 1265 2301 virtutes.
1290 2237 1438 2314 Dissipes
1463 2236 1548 2297 vites
1568 2233 1758 2296 101100100-

966 2353 1032 2411 sas,
1062 2336 1187 2399 evellas
1214 2333 1336 2395 herbas
1361 2333 1497 2395 inutiles
1527 2348 1535 2394 τ
1562 2334 1681 2394 Simdc
1708 2330 1760 2393 eat

965 2449 1114 2512 reguum
1146 2437 1311 2495 coemrom
1347 2433 1479 2494 homini
1512 2429 1760 2505 patrifamiliae

965 2537 1024 2608 poi
1037 2531 1127 2594 08111
1130 2533 1249 2605 prenso
1261 2543 1365 2591 orcae
1378 2530 1567 2591 modium
1580 2528 1760 2602 operatam

965 2633 1003 2692 tu
1016 2632 1154 2692 cineam
1167 2642 1279 2690 mom.

1005 2727 1154 2799 Quatuor
1176 2725 1254 2787 sunt
1276 2738 1400 2800 genera
1423 2722 1595 2785 hominum
1618 2737 1758 2797 regnum

966 2824 1124 2888 coelorum
1147 2821 1398 2900 possidentium.
1424 2821 1490 2882 Alii
1511 2821 1675 2883 violenter
1698 2835 1758 2881 ra-

964 2922 1059 3001 piunt
1073 2921 1130 2999 qui
1156 2919 1266 2982 omnia
1294 2919 1519 2992 contemnunt,
1544 2918 1674 2981 scilicet
1697 2934 1756 2979 se-

964 3019 1109 3099 qunntur
1121 3018 1299 3079 Christum.
1312 3016 1379 3078 Alii
1389 3017 1591 3088 mercantur,
1608 3032 1627 3077 a
1641 3014 1759 3093 quilius

964 3117 1133 3179 metuntur
1145 3113 1306 3185 carnalia,
1329 3114 1407 3173 dum
1426 3113 1475 3173 eis
1499 3113 1688 3190 spiritualia
1710 3127 1759 3174 se·

964 3213 1144 3284 minantur,
1158 3211 1216 3288 qui
1232 3209 1360 3272 faciunt
1373 3209 1437 3269 sibi
1455 3210 1580 3271 amicos
1595 3208 1636 3270 de
1653 3224 1760 3270 mam-

965 3325 1063 3372 mona
1086 3307 1284 3386 iniquitatis.
1310 3306 1351 3368 Et
1376 3305 1452 3368 ideo
1477 3307 1678 3368 mercatores
1706 3305 1760 3366 di-

965 3407 1085 3469 cuntur
1110 3405 1187 3482 quia
1214 3405 1250 3465 in
1274 3403 1421 3481 presenti
1446 3402 1527 3465 dant
1558 3402 1758 3481 pauperibus

964 3502 1161 3581 temporalia
1183 3502 1220 3564 ut
1242 3501 1276 3562 in
1298 3499 1409 3563 futuro
1433 3501 1599 3579 accipiant
1619 3502 1754 3564 aeterna.

964 3603 1030 3664 Alii
1045 3600 1198 3662 iurantur
1212 3599 1268 3677 qui
1285 3598 1446 3660 nonnulla
1458 3597 1545 3660 lona
1564 3597 1692 3661 occulte
1706 3598 1760 3660 la-

965 3700 1069 3773 ciunt,
1082 3713 1144 3776 pro
1166 3697 1285 3775 quihus
1309 3696 1627 3774 merenturregnum
1650 3696 1757 3758 coelo-

964 3813 1050 3871 rum,
1072 3796 1237 3859 ettamen
1258 3793 1340 3855 illud
1362 3793 1467 3855 iurari
1489 3793 1655 3868 dicuntur,
1679 3795 1758 3873 qiua

965 3895 1096 3956 laudem
1111 3893 1291 3954 humanam
1306 3890 1450 3953 vitantes
1471 3891 1542 3953 solo
1558 3891 1671 3953 divino
1685 3893 1758 3954 tes-

964 3991 1103 4055 timonio
1127 3989 1205 4052 sunt
1225 3974 1382 4052 contenti,
1407 3988 1474 4049 Alii
1493 3989 1571 4050 sunt
1592 3988 1647 4065 qni
1668 4004 1760 4050 com-

964 4091 1143 4168 pellnntnr,
1160 4088 1206 4159 ut,
1223 4085 1317 4149 verbi
1331 4085 1451 4161 gratia,
1468 4100 1631 4164 pauperes
1646 4100 1759 4148 neces·

965 4187 1066 4258 sarii,
1102 4199 1185 4261 quos
1216 4182 1272 4244 hic
1310 4182 1399 4259 ignis
1433 4183 1657 4259 paupertatis,
1690 4186 1759 4245 Deo

965 4281 1187 4360 dispensante,
1203 4279 1331 4357 probat,
1352 4294 1395 4340 ne
1418 4279 1454 4339 in
1478 4278 1587 4340 futuro
1606 4280 1693 4354 ignis
1707 4283 1761 4357 ju·

965 4379 1044 4441 dicii
1080 4375 1314 4438 damnabiliter
1352 4373 1478 4451 puniat
1512 4375 1760 4451 compelluntur

965 4477 1066 4539 etiam
1093 4473 1199 4545 multi,
1224 4471 1329 4532 variis
1353 4470 1607 4532 necessitatibus
1635 4472 1669 4533 et
1695 4488 1760 4551 op-

965 4570 1193 4652 pressionibus
1230 4567 1357 4640 afflicti,
1385 4565 1443 4644 qui
1470 4566 1555 4628 mira
1589 4568 1650 4629 Dei
1675 4585 1762 4647 pru-

965 4670 1077 4732 dentia
1107 4668 1185 4728 dum
1215 4664 1354 4726 mortem
1379 4663 1512 4740 lugiunt
1530 4667 1759 4744 temporalem,

966 4769 1007 4830 ad
1024 4765 1199 4829 Dominum
1218 4763 1373 4825 conversi
1386 4762 1490 4825 vitam
1512 4768 1761 4844 consequuntur

966 4867 1135 4929 aeternam.

1006 4966 1155 5040 Regnum
1170 4959 1329 5022 coelorum
1344 4958 1468 5022 dicitur
1484 4959 1633 5023 Ecclesia
1647 4960 1761 5024 multis

966 5061 1083 5129 modis,
1117 5058 1174 5120 sed
1200 5073 1261 5134 pro
1286 5056 1448 5120 brevitate
1482 5058 1689 5130 dimittimus,
1719 5073 1762 5119 ne
1834 5128 1841 5141 ,

966 5173 1074 5220 sermo
1087 5155 1238 5235 prolixus
1256 5156 1394 5231 generet
1416 5154 1598 5218 fastidium.
1613 5154 1762 5216 Ecclesia

122 5253 231 5317 rituali
253 5254 376 5332 gratia.
398 5255 438 5316 Et
466 5254 551 5315 sicut
570 5269 637 5315 non
656 5254 746 5315 valet
767 5254 912 5315 studium
967 5255 1088 5318 dicitnr
1099 5253 1313 5331 congregatio
1329 5253 1488 5317 fidelium.
1506 5251 1599 5314 Unde
1612 5251 1765 5311 1011800-

122 5348 312 5425 laborantis,
329 5351 397 5414 nisi
411 5354 498 5412 Deus
513 5350 553 5412 de
567 5351 651 5413 coelo
671 5350 726 5413 det
751 5350 910 5426 pluviam,
966 5353 1073 5431 geliot
1094 5355 1152 5415 Uol
1165 5355 1232 5413 doto
1246 5350 1308 5413 cut
1323 5352 1396 5412 tres
1409 5349 1610 5425 conprecare
1629 5348 1765 5421 mertam

122 5445 167 5509 ita
180 5450 228 5512 nil
242 5449 331 5511 valet
351 5464 461 5510 sermo
485 5447 726 5525 praedicatoris,
748 5448 815 5508 nisi
841 5451 911 5509 Do·
967 5457 1004 5514 tn
1030 5453 1170 5513 omniuo
1200 5464 1292 5520 oreo,
1327 5452 1365 5509 in
1391 5448 1503 5507 medio
1538 5458 1663 5507 corum
1684 5459 1765 5507 eom

124 5546 229 5609 minus
243 5546 473 5610 subministret
485 5546 626 5623 gratiam
641 5545 801 5607 audienti.
819 5546 912 5608 Unde
968 5548 1099 5629 (Matth.
1133 5562 1230 5614 xvnr,
1261 5542 1326 5622 21)).
1353 5545 1432 5614 Quae
1454 5540 1535 5620 ‘ideo
1562 5539 1684 5603 dicitur
1708 5558 1765 5604 re-

122 5638 233 5707 beatus
261 5643 464 5722 Gregoriusz
494 5661 513 5706 c
541 5643 615 5705 Nisi
649 5642 793 5720 Spiritus
823 5645 913 5708 adsit
967 5643 1251 5723 gnumcoelorum,
1266 5640 1344 5719 quia
1359 5638 1509 5701 Christus
1533 5640 1651 5715 regnat
1669 5638 1704 5701 in
1724 5655 1763 5703 ea
