3960 6188
45 290 102 352 857
565 284 609 346 IN
631 281 980 347 RESURRECTIONE
1000 282 1163 347 DOMINI.
1634 291 1695 352 858

45 444 166 509 mundo
189 444 230 507 ad
252 444 402 505 Patrem.
419 441 469 504 lbi
487 458 562 505 eum
580 442 746 506 videbitis.
763 446 849 505 Cum
886 442 1013 506 'tiones
1033 443 1236 522 poenalitatis
1257 444 1291 508 et
1310 443 1440 507 foveam
1461 444 1578 509 mortis
1599 449 1696 509 traua

48 542 252 618 apparuerit
273 541 431 603 Gbrtstus
455 540 531 602 otta
555 541 689 612 vestra,
713 541 794 603 tuuc
814 547 848 607 ct
901 540 995 613 siliit,
1020 557 1209 619 quanquam
1241 543 1275 604 et
1299 542 1339 604 de
1367 542 1441 619 ipsa
1464 543 1548 605 bora
1577 547 1696 607 Domi-

50 656 110 703 aas
132 639 345 714 apparebitis
371 653 450 700 cum
472 640 547 711 ipso
569 641 606 698 m
627 642 740 713 amma
770 635 848 716 (Go-
901 638 986 699 nicae
1010 638 1266 700 resurrectionis
1290 639 1377 701 inter
1402 640 1552 702 doctores
1571 644 1696 706 sanctae

47 738 106 798 los.
121 739 181 806 ΙΙΙ,
196 733 243 813 4).
901 733 1058 795 Ecclesiae
1074 734 1175 797 fuerit
1186 736 1318 798 diversa
1334 738 1507 800 sententia.

91 832 248 894 Aromata
274 847 354 907 ergo
384 831 503 908 quibus
530 847 656 907 ungere
681 830 846 892 Christum
940 831 1162 908 Hieronymus
1185 847 1327 910 namque
1355 834 1391 894 in
1414 835 1499 897 libro
1523 837 1696 899 duodecim

50 929 213 1001 debemus,
233 928 331 1000 idest,
354 928 538 1005 fragrantia
554 928 677 990 amoris
692 943 847 1005 quaeum
901 926 1120 1004 quaestionum
1146 928 1226 990 dicit
1260 931 1436 991 Dominum
1469 935 1697 996 resurrexisse

50 1027 180 1104 placare
193 1041 380 1102 possumus,
396 1041 440 1087 ex
453 1025 560 1087 tribus
574 1024 746 1102 speciebus
761 1038 848 1100 myr
901 1024 984 1085 hora
1015 1025 1161 1086 serotina
1182 1026 1317 1102 propter
1343 1026 1426 1087 illud
1454 1031 1693 1105 evangelicum,

48 1125 115 1185 rbae
130 1125 163 1185 et
174 1122 283 1183 thuris
298 1122 331 1184 et
344 1123 493 1198 pulveris
510 1122 725 1199 pigmentarii
742 1121 848 1182 conil-
901 1136 1025 1197 uesper
1044 1123 1162 1183 autam
1185 1124 1353 1185 sabboti...
1383 1126 1423 1186 nt
1454 1127 1540 1201 quod
1562 1126 1695 1201 dicitur,

49 1223 141 1292 citur,
167 1219 246 1297 quia
265 1235 309 1280 ex
325 1218 432 1282 tribus
453 1219 643 1291 virtutibus,
660 1219 846 1281 mortifica·
901 1220 998 1280 valae
1011 1233 1114 1280 moue
1128 1234 1199 1281 uua
1212 1221 1443 1293 sabbatorum,
1452 1221 1555 1284 refert
1568 1222 1698 1286 tautum

49 1317 156 1389 tionis,
176 1317 351 1388 orationis,
368 1314 402 1378 et
420 1332 512 1393 purae
524 1316 722 1377 humilitatis
734 1315 847 1376 unctio
901 1314 943 1374 ad
958 1315 1136 1377 adventum
1155 1316 1343 1378 mulierum.
1360 1317 1555 1380 Ambrosius
1576 1320 1698 1381 asserit

49 1415 121 1492 ipsa
134 1412 250 1475 divina
263 1412 459 1490 aequiritur.
472 1414 513 1475 ut
526 1415 605 1474 nota
619 1412 705 1489 quod
719 1426 786 1473 non
800 1411 848 1473 ait
902 1411 987 1489 quod
1003 1412 1112 1472 media
1126 1414 1234 1485 nocte,
1249 1414 1418 1490 quietura
1432 1415 1527 1478 licuit
1541 1417 1697 1478 mulieri-

46 1510 223 1587 pigmenti,
260 1509 319 1571 sed
352 1510 500 1587 pulueris
533 1509 638 1587 ipsius
660 1508 845 1586 pigmenti,
900 1507 962 1568 bus
977 1508 1135 1569 accedere
1154 1509 1345 1572 custodibus
1365 1512 1616 1585 dormientibus,
1638 1530 1697 1575 se-

50 1608 123 1684 quia
153 1622 221 1668 non
249 1606 319 1669 tam
349 1606 444 1669 actus
474 1606 672 1668 humilitatis
698 1604 848 1667 exterior
901 1605 1045 1667 cundum
1060 1605 1147 1682 quod
1170 1607 1203 1668 et
1222 1606 1274 1667 illi
1292 1607 1466 1670 dixerunt:
1489 1613 1595 1672 Nobts
1609 1614 1704 1672 clar--

49 1703 285 1782 Itemnplacat,
299 1719 398 1780 quam
414 1704 569 1781 puritatis
586 1702 767 1765 intrinseca
784 1703 849 1763 bu·
900 1703 1086 1764 maeotidas
1099 1704 1196 1764 uecta
1206 1706 1377 1765 acuerunt
1390 1707 1546 1779 discipuli
1557 1709 1633 1778 ejus
1635 1749 1696 1769 .....

50 1801 137 1862 milis
160 1801 378 1874 conscientia,
404 1801 578 1879 quaedum
601 1801 695 1862 actus
719 1800 849 1862 extrin-
903 1798 1168 1878 (Matth.xxv111,
1190 1798 1254 1878 13).
1277 1802 1315 1860 In
1335 1802 1430 1877 quus
1455 1801 1534 1877 typo
1557 1804 1698 1864 Samson

51 1914 140 1960 secas
160 1897 327 1960 subtiliter
347 1898 472 1960 cribrat
485 1900 520 1960 et
541 1897 711 1959 examinat
728 1897 847 1957 inillis
901 1896 1010 1957 media
1028 1898 1125 1958 nocie
1138 1896 1216 1958 tulit
1233 1898 1345 1973 portas
1367 1900 1475 1959 Gazae.
1492 1900 1698 1974 Augustinus

50 1996 248 2058 conterendo
262 1996 413 2074 impurae,
431 1995 529 2068 idest,
544 2012 611 2056 non
625 2010 718 2072 purae
740 1994 847 2055 simu·
901 2007 981 2054 vero
1013 2008 1110 2054 mane
1138 1993 1219 2055 dicit
1246 1992 1378 2068 iactam,
1401 1996 1501 2073 juxta
1529 1995 1632 2057 illud:
1664 1998 1699 2059 ct

48 2092 179 2155 lationis
202 2095 369 2166 corticem,
386 2094 484 2171 quasi
501 2092 706 2170 pigmentum
725 2091 848 2166 redigit
901 2093 1111 2152 cameracae
1125 2104 1196 2151 aaa
1208 2092 1465 2153 sabbatorum...
1482 2092 1568 2168 quod
1581 2094 1614 2154 et
1632 2096 1699 2154 Ec·

49 2190 82 2250 in
109 2190 292 2267 pulverem.
320 2191 360 2253 nt
391 2191 563 2266 signanter
587 2189 672 2251 dixit
697 2188 848 2250 universi
902 2186 1005 2248 alesia
1019 2186 1193 2249 observat:
1209 2187 1329 2264 quaein
1343 2187 1696 2251 memoriaDominioee

50 2286 204 2364 pulveris,
216 2288 464 2365 quiainamore
478 2286 705 2348 betuniversa
719 2286 847 2362 puritas
902 2284 1156 2346 resurrectionis
1175 2284 1323 2361 quotidie
1346 2284 1493 2347 celebrat
1515 2286 1698 2348 matutinas

51 2384 96 2443 est
124 2384 329 2453 adhibenda,
359 2399 402 2444 ne
429 2384 619 2446 inveniatur
646 2383 759 2446 noster
791 2384 849 2444 aut
901 2381 1029 2453 laudes,
1050 2381 1083 2443 et
1096 2381 1164 2442 alta
1185 2396 1266 2442 voce
1281 2381 1321 2442 ad
1344 2381 1583 2459 designandam
1606 2383 1698 2446 laeti-

51 2480 215 2543 actusaut
228 2482 352 2556 gestus,
368 2480 426 2558 qni
443 2495 511 2541 non
532 2480 575 2541 sit
596 2480 733 2557 pulvere
756 2495 848 2557 purae
902 2479 983 2539 tiam
1000 2477 1151 2539 mulieris
1170 2477 1211 2539 de
1226 2478 1384 2540 drachma
1406 2481 1549 2557 reperta,
1571 2482 1604 2543 et
1624 2497 1708 2543 cum.

51 2577 81 2638 et
92 2592 265 2638 concussae
279 2576 477 2639 humilitatis
491 2591 658 2654 repersus.
902 2574 1042 2652 pulsatis
1061 2575 1232 2653 campanis
1253 2576 1295 2636 ad
1317 2577 1555 2652 designandam
1575 2594 1702 2641 conuo-

91 2673 156 2734 Sed
170 2672 243 2734 baec
257 2674 406 2736 aromata
418 2677 495 2736 sunt
508 2673 645 2736 emenda
658 2696 666 2749 ;
690 2672 848 2735 mulieres
902 2672 1066 2733 cntionem
1081 2674 1114 2734 et
1128 2672 1449 2748 congratulationem
1463 2675 1662 2737 vicinarum.

55 2768 140 2828 enim
148 2770 301 2829 emerunt
309 2769 470 2831 aromata.
480 2769 627 2831 Pretium
635 2783 700 2846 quo
708 2767 847 2829 emenda
942 2769 1064 2831 Aliter:
1087 2772 1205 2830 Marta
1225 2772 1474 2846 marmarum
1496 2775 1614 2834 Marta
1631 2772 1698 2835 Ja-

56 2866 140 2936 sunt,
157 2865 208 2926 est
221 2864 369 2926 fraterna
383 2866 639 2943 dilectio,quam
655 2866 733 2926 dum
747 2880 849 2941 prop-
902 2869 974 2927 cobt
1001 2867 1034 2927 at
1061 2868 1196 2928 Satoma
1219 2868 1379 2928 eawruut
1405 2870 1603 2931 aromata...
1632 2872 1698 2931 Pro
1767 2890 1770 2897 ’

55 2960 103 3020 ter
125 2963 230 3023 Deum
253 2962 359 3023 modis
383 2962 536 3023 omnibus
558 2962 791 3040 impendimus,
805 2960 847 3022 ab
902 2962 1396 3040 MariaMagdalenequeeerat
1415 2964 1600 3028 incivitate
1620 2983 1700 3043 pec-

57 3056 124 3133 ipso
139 3059 193 3118 sui
204 3059 326 3121 amoris
336 3060 369 3121 et
380 3058 539 3121 virtutum
554 3060 703 3121 aromata
717 3074 848 3135 compa·
902 3059 1021 3131 catrix,
1036 3059 1236 3134 intelligitur
1249 3060 1362 3120 anima
1376 3062 1554 3136 poenitens,
1571 3064 1604 3124 et
1618 3079 1700 3124 suo-

55 3168 175 3216 ramus
201 3158 305 3227 Quum
324 3157 413 3218 euim
435 3157 511 3217 aliis
529 3155 691 3218 beneficia
716 3156 845 3227 damus,
901 3172 975 3216 rum
1001 3155 1163 3216 scelerum
1186 3156 1405 3216 emendatrix.
1422 3160 1487 3218 Pro
1508 3159 1616 3218 Maria
1636 3161 1698 3220 Ja-

56 3249 138 3311 dona
171 3252 267 3314 nohis
302 3253 490 3329 spiritualia
520 3253 720 3314 mutuamur.
758 3255 846 3313 Fra·
902 3251 1696 3331 cobi,vitiasupplantansetrirtutumoperatrix.

56 3346 155 3409 ternae
185 3349 296 3410 autem
324 3349 512 3410 dilectionis
547 3349 689 3425 pretium
724 3346 849 3424 triplex
902 3352 968 3410 Pro
981 3348 1088 3408 Maria
1109 3349 1240 3409 Salome
1259 3349 1382 3418 autem,
1403 3351 1454 3411 ori
1469 3351 1618 3413 osculum
1633 3353 1700 3413 im-

57 3442 113 3505 est.
126 3445 227 3506 Aliud
242 3446 331 3505 enim
346 3446 477 3506 constat
494 3445 533 3505 in
546 3444 709 3506 beneflcio
725 3444 846 3520 operis,
903 3445 1049 3521 primens
1064 3461 1138 3505 oum
1153 3447 1220 3506 Deo
1233 3445 1452 3521 pacificatrix.

56 3538 141 3601 alind
171 3541 211 3602 in
238 3540 400 3606 beneflcio
424 3541 514 3614 oris,
546 3541 637 3601 aliud
659 3542 695 3602 in
717 3540 847 3602 beneb-
941 3543 1022 3602 Tres
1037 3542 1111 3604 istae
1132 3541 1288 3602 mulieres
1312 3542 1488 3620 designant
1502 3542 1571 3606 tres
1589 3545 1697 3609 vitas:

57 3635 102 3697 aio
135 3636 389 3700 benevolentiae.
432 3639 496 3700 Sed
527 3638 665 3719 propter
700 3636 850 3700 brevita-
902 3637 1068 3707 laicalem,
1095 3637 1284 3714 regularem
1318 3639 1352 3700 et
1383 3640 1583 3703 clericalem.
1620 3644 1704 3706 Vita.

56 3731 115 3794 tem
136 3735 331 3807 omittimus,
357 3751 399 3796 ne
418 3751 527 3798 sermo
543 3734 693 3812 prolixus
713 3736 849 3811 generet
903 3733 1065 3795 laicorum
1081 3735 1132 3796 est
1145 3735 1254 3797 activa
1269 3735 1303 3796 et
1316 3736 1507 3812 saecularis;
1525 3738 1595 3800 rita
1613 3740 1698 3801 reli-

57 3826 232 3892 iastidium.
277 3834 363 3894 Dant
404 3834 513 3910 primo
551 3833 588 3894 in
629 3831 846 3904 aromatibus,
902 3832 1070 3906 giosorum
1089 3831 1141 3892 est
1160 3832 1415 3909 contemplativa
1434 3834 1468 3895 et
1489 3836 1698 3915 spiritualis;

59 3928 184 4001 quando
206 3929 375 3992 dimittunt
395 3930 557 4003 carnalia,
581 3930 618 3992 ut
638 3931 758 3991 vacent
774 3930 847 4007 spi·
901 3929 972 3990 vita
997 3944 1076 3991 vero
1100 3927 1297 4003 clericorum
1326 3930 1422 4006 quasi
1452 3932 1557 3993 mixta
1572 3935 1637 4000 >est
1664 3938 1697 3997 et

59 4022 241 4086 ritualibus.
278 4026 372 4088 Unde
405 4028 606 4104 Apostolus:
637 4029 848 4099 abjiciamus
902 4025 1096 4097 communis,
1127 4026 1205 4103 quia
1229 4026 1349 4102 partim
1375 4026 1427 4088 est
1458 4028 1630 4090 saecularis
1665 4032 1699 4093 et

60 4131 158 4189 opera
172 4122 406 4203 tenebrarum,
423 4123 522 4195 idest,
538 4124 624 4185 vitia
644 4124 678 4184 ct
692 4124 845 4197 peccata,
902 4123 1022 4199 partim
1042 4123 1093 4184 est
1111 4122 1306 4197 spiritualis.
1332 4124 1407 4183 Istae
1426 4125 1495 4184 tres
1516 4125 1594 4188 vitae
1615 4126 1699 4188 alibi

59 4214 90 4273 et
112 4219 300 4280 induamur
319 4233 424 4280 arma
450 4223 534 4280 lueis
560 4217 670 4298 (Rom.
690 4216 845 4291 x111,12t,
902 4219 1118 4295 designantur
1132 4218 1167 4278 in
1182 4219 1373 4295 Evangelio,
1391 4219 1448 4280 ubi
1465 4220 1606 4284 dicitur:
1622 4227 1698 4286 Duo

59 4307 148 4386 idest,
171 4315 312 4377 virtutes
331 4316 365 4378 et
377 4315 464 4378 bona
487 4330 600 4392 opera.
622 4317 663 4376 Et
671 4315 848 4392 Apostolus
886 4316 982 4377 ¹suut
998 4318 1035 4376 tu
1049 4329 1146 4390 aare,
1171 4317 1236 4376 duo
1250 4316 1332 4376 suut
1346 4320 1383 4376 m
1406 4322 1507 4389 aeota,
1524 4320 1558 4379 et
1580 4322 1646 4380 aua
1660 4324 1699 4382 tu

61 4406 135 4469 alibi
149 4428 156 4466 ε
172 4413 392 4474 Redimeutcs
409 4413 559 4487 tempus,
578 4415 659 4486 quta
672 4415 746 4474 ates
765 4416 848 4475 acati
902 4413 996 4483 lecto,
1012 4426 1103 4472 ciuus
1117 4411 1316 4472 assumatur
1329 4413 1364 4473 ct
1377 4413 1467 4474 atter
1482 4415 1699 4489 relinquetur

60 4506 241 4586 suutOEph.
258 4525 290 4581 v,
305 4508 369 4589 16).
903 4508 1034 4588 (Mattb.
1059 4522 1151 4579 mr,
1174 4523 1206 4568 v.
1230 4509 1281 4580 40,
1306 4506 1371 4587 41).
1397 4509 1449 4570 llli
1476 4510 1533 4587 qui
1559 4513 1697 4576 suntin

96 4602 167 4665 Istae
191 4605 347 4667 mulieres
372 4605 469 4668 valde
492 4622 589 4669 mane
616 4606 780 4668 venerunt
805 4606 847 4666 ad
902 4606 990 4668 mola
1010 4605 1115 4667 laicos
1128 4604 1328 4680 significant,
1349 4606 1406 4683 qui
1420 4607 1461 4667 ad
1476 4608 1609 4669 modum
1626 4626 1700 4673 mo-

61 4704 313 4764 monumentum.
329 4705 400 4764 Hoc
423 4704 474 4765 est
493 4702 578 4764 illud
598 4718 701 4766 araur
720 4703 761 4765 de
783 4718 847 4781 quo
901 4704 1009 4764 larum
1037 4717 1169 4779 semper
1192 4702 1229 4763 in
1253 4701 1396 4764 circuitu
1419 4703 1555 4775 vadunt,
1576 4708 1609 4769 et
1631 4708 1698 4771 huc

61 4791 263 4873 Evangelista
279 4799 379 4862 dicit:
403 4803 500 4863 ualde
520 4816 624 4864 maroc
637 4817 709 4862 uua
721 4803 846 4862 sabba·
902 4800 1047 4878 illucque
1062 4799 1263 4872 discurrunt,
1276 4798 1309 4860 et
1321 4815 1395 4860 cum
1406 4801 1518 4863 multis
1528 4802 1698 4869 laboribus

62 4886 205 4955 torum...
223 4894 341 4974 (Marc.
354 4896 469 4976 xm)
485 4897 563 4974 qrria
578 4896 774 4959 illuminatae
788 4913 848 4974 per
902 4900 935 4960 et
955 4897 1118 4973 angustiis
1141 4895 1239 4957 rebus
1263 4897 1441 4959 mundanis
1469 4900 1617 4964 utuntur.
1646 4905 1699 4966 llli

62 4988 193 5057 matiam
226 4993 430 5055 venerantur
463 4993 644 5055 Dominieae
682 4995 848 5072 passionis
902 4995 959 5073 qui
983 4993 1113 5055 suntin
1136 4993 1222 5056 lecto
1249 4992 1425 5071 designant
1452 4998 1639 5074 religiosos,
1663 5002 1698 5063 in

62 5091 306 5151 sacramentum.
337 5092 416 5152 Haec
444 5091 496 5153 est
527 5105 650 5152 aurora
678 5107 752 5167 quae
777 5094 847 5168 jam
902 5090 1021 5169 quibus
1036 5092 1087 5153 est
1101 5091 1209 5167 gratia
1224 5091 1295 5152 Dei.
1312 5078 1408 5164 Quia,
1433 5094 1519 5156 sicut
1535 5095 1600 5171 ipsi
1620 5099 1697 5158 sunt

61 5185 261 5259 ascendebat,
278 5188 410 5265 quando
423 5187 527 5249 Jacob
542 5204 615 5249 oum
630 5187 757 5264 Angelo
776 5188 849 5251 luc-
902 5188 1045 5251 absoluti
1084 5204 1104 5249 a
1147 5188 1385 5251 saecularibus
1411 5192 1553 5267 negotiis
1597 5193 1697 5269 hujus

61 5273 193 5344 labatur.
216 5286 296 5345 Haec
309 5287 360 5346 est
373 5286 536 5348 matutina
548 5285 607 5346 illa
619 5285 660 5347 de
672 5300 737 5363 qua
755 5285 849 5362 psal·
902 5276 1027 5359 mundi,
1042 5286 1090 5347 ita
1105 5286 1182 5348 sunt
1194 5285 1337 5348 absoluti
1350 5287 1473 5349 avitiis
1487 5288 1520 5347 et
1538 5290 1694 5364 peccatis,

62 5385 127 5434 mus
137 5379 238 5441 band
249 5382 537 5459 praeutulaturpro
548 5397 653 5445 cerva
662 5383 846 5458 matutina.
903 5384 981 5462 quia
992 5382 1107 5445 sancta
1122 5384 1331 5445 conversatio
1344 5384 1378 5446 et
1391 5383 1496 5444 divini
1510 5384 1618 5446 cultus
1638 5402 1697 5448 re-

62 5466 157 5537 Cerva
181 5493 324 5556 namque
347 5480 511 5543 matutina
530 5495 609 5542 caro
635 5480 759 5541 Christi
785 5481 846 5553 est,
902 5480 983 5558 ligio
998 5479 1169 5543 evidenter
1182 5480 1369 5557 apparetin
1389 5479 1450 5550 eis,
1475 5480 1554 5557 quia
1577 5485 1699 5546 vacant

62 5578 129 5640 lllae
148 5591 244 5638 mane
269 5577 525 5641 resurrectionis
546 5578 660 5658 spinas
685 5577 718 5641 et
743 5594 850 5657 punc-
902 5577 1112 5653 lectionibus,
1134 5576 1352 5650 orationibus,
1373 5574 1405 5638 et
1419 5575 1557 5654 reliquis
1579 5578 1698 5643 studiis
