3936 6182
97 296 158 359 ber
661 295 861 359 uestrum
881 295 938 361 AD
958 295 1193 361 decretasti.
1697 299 1758 365 598

98 452 194 526 detor,
206 453 305 513 nutes
320 460 350 512 et
365 450 486 513 diversis
504 451 668 512 nominibus
683 452 851 527 appellatur,
864 452 902 513 ite
957 452 1041 528 signa
1052 459 1296 512 sacramentorum
1309 451 1497 511 discernenda
1512 460 1675 513 occurrunt.
1686 454 1759 513 Sunt

99 553 196 625 imum
228 567 342 626 quoqne
369 550 474 610 donum
503 553 583 611 varia
611 551 727 610 nomina
755 551 902 617 aertttm:
957 551 1035 609 enim
1054 551 1185 625 quedam
1202 559 1381 610 sacramanta
1397 551 1427 609 iu
1447 550 1548 626 quibua
1563 552 1759 625 principaliter

98 651 214 710 Deam
227 649 330 708 dicitur
344 648 461 723 quia'iis
474 649 523 723 qui
534 647 604 707 nihil
619 650 697 722 prius
711 649 902 718 contulerunt,
957 648 1034 706 salus
1044 656 1157 707 constat
1168 656 1197 707 et
1212 650 1373 723 percipitur,
1391 651 1463 708 sicut
1481 665 1554 724 aqua
1566 649 1756 724 bsptismatis,

97 747 200 807 datur:
225 748 323 819 gratie
345 748 412 820 quia
434 748 522 806 etiam
547 745 737 819 debentibus;
763 746 903 819 baptimus
957 753 986 805 et
1010 747 1156 820 perceptio
1181 748 1310 821 corporis
1333 755 1362 805 et
1386 749 1539 822 sanguinis
1557 746 1668 808 Christi.
1693 747 1758 807 Alia

98 847 329 920 guiapeccatum
345 844 375 903 in
389 858 463 917 aqua
477 844 621 918 sepelitur3
637 844 809 917 cactienuia
822 850 904 902 sac'er
956 850 1024 901 sunt
1045 859 1120 917 quae,
1142 845 1197 902 etsi
1219 845 1382 903 necessaria
1404 861 1462 903 non
1483 845 1605 904 suntad
1624 845 1757 919 salutem,

97 951 129 1003 et
142 941 512 1018 regius,hujusmodienim
528 956 563 1000 ea
578 950 660 1000 erant
674 957 737 1015 qne
751 941 901 1014 angebau·
957 942 1023 1016 quia
1037 942 1101 999 sine
1113 941 1158 999 bis
1172 941 1251 999 salus
1265 940 1365 1000 haberi
1379 950 1482 1017 potest,
1496 944 1647 1017 proliciunt
1661 950 1758 1003 tamen

99 1049 162 1114 ιιι,
175 1040 352 1098 illumiaatio
373 1055 468 1114 porro,
481 1040 547 1114 quia
563 1039 698 1114 splendor
719 1047 748 1097 et
767 1038 903 1111 claritas3
957 1038 993 1098 ad
1016 1038 1286 1110 sanctificationem,
1311 1040 1378 1113 quia
1401 1038 1447 1097 bis
1470 1041 1560 1098 virtus
1581 1041 1709 1099 exerceri
1729 1047 1759 1100 et

75 1128 78 1132 “
96 1137 300 1198 irrdumentnm
313 1137 380 1211 quia
392 1137 560 1212 ignominiae
574 1145 680 1196 nostre
691 1138 823 1197 velamen
837 1143 902 1213 est3
957 1137 1049 1211 gratia
1066 1137 1185 1210 amplior
1199 1138 1307 1210 acquiri
1323 1143 1426 1211 potest,
1437 1144 1469 1195 ιιι
1482 1152 1557 1211 aqua
1571 1139 1758 1212 aspersionis,

98 1237 249 1301 meram
266 1236 333 1309 quia
355 1235 461 1307 abluit3
474 1235 603 1311 sigillum
629 1234 695 1308 quia
723 1235 905 1297 conservatio
957 1242 986 1293 et
1006 1235 1150 1308 susceptio
1171 1235 1276 1293 cineris
1297 1243 1325 1293 et
1346 1236 1460 1294 similia.
1481 1236 1553 1294 snut
1574 1252 1686 1295 rursum
1701 1235 1759 1295 alia

95 1342 145 1394 ast
156 1332 630 1407 ιιιοιιιίιιιιιοιιίιιίςιιίιιιιιίι.ι
956 1339 1137 1390 sacramenta
1161 1348 1226 1406 quse
1244 1332 1280 1391 ad
1302 1331 1357 1391 boe
1375 1334 1468 1392 solum
1489 1334 1615 1394 instituta
1634 1349 1699 1393 esse
1713 1333 1757 1392 vl·

134 1433 222 1491 luvet
239 1429 288 1489 bie
306 1445 430 1504 quoque,
441 1431 516 1489 inter
529 1431 713 1507 recentiores,
724 1429 844 1489 schram
859 1428 903 1488 ai·
957 1429 1068 1501 dentur,
1089 1438 1130 1502 ιιι,
1152 1446 1202 1505 par
1216 1432 1290 1505 ipsa,
1312 1446 1345 1490 ea
1361 1447 1425 1505 que
1443 1433 1556 1491 coeteris
1568 1432 1761 1491 sacramentis

97 1529 185 1600 ferre,
202 1536 318 1603 propter
331 1526 532 1587 eruditionem.
548 1550 559 1578 ι
576 1528 714 1602 Baptiami
727 1542 843 1599 nomen,
857 1527 901 1586 in·
957 1529 1155 1603 significandis
1169 1538 1198 1588 ιι
1211 1530 1393 1588 instituendis
1407 1530 1570 1589 neccssaria
1592 1537 1668 1601 sunt,
1685 1545 1757 1604 quo·

98 1628 173 1701 quit,
191 1642 208 1685 a
225 1641 320 1700 greca
340 1641 411 1685 voce
433 1626 494 1685 duit
508 1641 572 1700 que
586 1626 675 1685 labne
688 1626 903 1703 immersionem
957 1625 1023 1686 dum
1038 1626 1124 1685 modo
1139 1636 1334 1701 preparentur
1353 1636 1383 1686 et
1400 1627 1623 1698 sanctificentur,
1636 1635 1669 1686 ut
1681 1628 1763 1697 cirea,

95 1740 154 1785 seu
166 1724 339 1783 ablutionem
353 1724 509 1798 significat.
522 1722 703 1798 Quadruplex
715 1722 800 1797 hujns
814 1723 904 1782 nomi·
957 1739 1095 1798 personas
1117 1726 1146 1782 in
1167 1726 1257 1783 saeris
1280 1724 1427 1783 ordinibus
1448 1724 1638 1799 perficiendis,
1661 1725 1707 1782 vel
1728 1725 1759 1782 in

97 1823 148 1882 nis
171 1822 343 1896 ugriucnrio
368 1822 444 1895 apud
470 1822 628 1895 Scriptores
650 1822 781 1879 occurrit.
807 1822 902 1880 Prima
956 1822 992 1880 iis
1006 1822 1117 1896 quaead
1133 1821 1261 1880 habitum
1276 1823 1426 1881 Sacrorum
1446 1822 1583 1881 ordinum
1602 1824 1758 1896 pertinent,

95 1927 145 1978 ast
155 1920 295 1990 litteralis,
304 1935 361 1992 quo
372 1919 459 1977 modo
468 1921 641 1978 mersionem
652 1933 704 1977 seu
715 1918 900 1988 ablutionem,
956 1921 1111 1992 initiantur,
1134 1929 1163 1978 ct
1187 1924 1299 1979 ceteris
1318 1919 1491 1993 huiusmodi.
1512 1921 1607 1979 Prima
1626 1934 1698 1993 erge
1720 1917 1757 1977 ad

95 2016 141 2077 uti
159 2032 227 2075 mox
245 2017 420 2088 dictumest,
436 2017 590 2092 signiticat.
615 2016 745 2077 Secunda
762 2023 806 2075 est
819 2031 899 2074 cere·
956 2019 1095 2090 salutem,
1122 2018 1248 2077 sccuma
1277 2017 1314 2075 ad
1337 2018 1581 2089 exercitationem,
1594 2034 1596 2039 ¹
1611 2018 1693 2076 tertia
1721 2014 1759 2075 ud

94 2114 233 2172 monialis
256 2129 308 2173 seu
333 2114 451 2189 legalis,
483 2114 588 2188 qubus
615 2114 707 2174 ludaei
737 2114 900 2173 utebantur.
957 2118 1194 2192 praeparationem
1207 2119 1361 2175 constituta
1380 2122 1484 2173 sunt.»

93 2212 193 2270 Tertia
208 2220 253 2272 est
269 2212 465 2287 metaphorica
483 2228 536 2271 seu
551 2211 683 2286 llgnrata,
699 2212 776 2270 unde
792 2211 900 2286 baptis·
991 2216 1061 2285 Quae
1075 2215 1171 2272 omniu
1187 2228 1245 2271 non
1259 2219 1327 2271 sunt
1341 2210 1518 2286 accipienda,
1532 2211 1655 2270 latemur
1666 2211 1760 2282 enim,

93 2324 167 2373 mua
180 2308 302 2369 subinde
315 2311 346 2369 in
356 2310 386 2367 S.
397 2310 540 2383 Scriptura
555 2309 700 2382 significat
711 2308 901 2379 ablutionem,
957 2312 1065 2385 absque
1085 2312 1141 2370 ulla
1162 2312 1280 2369 omnino
1302 2311 1399 2368 notula
1414 2309 1683 2380 animadversionis,
1698 2324 1758 2368 nou

91 2408 170 2471 Luc.
190 2410 256 2479 xil,
272 2407 328 2478 503
347 2405 468 2465 subinde
487 2407 665 2481 martyrium,
681 2407 771 2465 llere.
789 2405 825 2476 X,
848 2406 902 2479 ³83
957 2418 1055 2469 mmen
1077 2425 1217 2468 censure.
1240 2411 1314 2469 Nam
1336 2416 1515 2471 sacramenta
1539 2409 1587 2467 illa
1610 2422 1675 2481 que
1697 2423 1756 2466 non

89 2504 222 2563 mbinde
235 2504 384 2578 copiosam
396 2504 497 2578 gratim
519 2504 571 2562 liei
589 2503 783 2573 diffusionem,
796 2504 861 2561 Aet.
877 2506 900 2573 1,
956 2515 1022 2567 sunt
1045 2507 1082 2566 ad
1105 2509 1225 2567 salutem
1249 2507 1423 2577 macomeria,
1446 2506 1534 2564 veluti
1558 2520 1631 2579 aqua
1655 2519 1758 2579 asper«

89 2601 126 2673 ὅς
140 2599 267 2660 subinde
280 2601 418 2660 diluvium
438 2601 600 2660 universale
619 2602 740 2675 liguram
755 2599 899 2675 baptismi,
954 2606 1045 2664 sionis
1059 2612 1087 2664 ct
1100 2605 1244 2680 susceptio
1253 2606 1578 2675 cineris,nonvocantur
1592 2601 1689 2674 bodie,
1702 2617 1758 2661 nec

89 2702 106 2760 1
126 2701 205 2758 Petr.
221 2713 265 2767 ιιι,
283 2699 337 2770 tt,
356 2699 477 2763 subinde
496 2700 646 2759 transitum
666 2699 754 2757 maris
770 2698 901 2768 Rubri,1
959 2704 1074 2778 proprie
1085 2709 1352 2772 suntsacramenta,
1368 2700 1419 2759 sed
1433 2699 1757 2775 sacramentalia,epnd

90 2797 160 2857 cor.
176 2811 211 2867 x,
235 2797 262 2855 2
287 2797 392 2867 Quarta
416 2805 461 2856 est
484 2797 716 2866 sacramentalis,
743 2812 829 2870 guam
852 2796 900 2855 bic
954 2801 1128 2860 recentiores
1139 2800 1298 2874 tbeolegos.
1313 2802 1383 2859 ltorn
1394 2798 1431 2857 de
1439 2798 1623 2872 impositione
1635 2799 1758 2857 restitus

91 2892 323 2964 consideremus,
346 2888 452 2953 et'boc
472 2896 559 2954 modo
577 2902 723 2969 spectatus
742 2895 830 2953 variis
844 2910 897 2954 no·
953 2899 1120 2957 elericorum
1136 2906 1184 2956 aut
1198 2898 1410 2972 religiosorum,
1426 2897 1544 2956 Billuert
1555 2904 1584 2955 et
1593 2897 1623 2955 S.
1636 2890 1756 2954 Thema

92 2990 220 3049 minibus
245 2991 274 3048 in
299 2992 329 3051 S.
354 2992 498 3065 Scriptura
524 2994 701 3068 exprimitur.
726 2993 752 3050 A
777 2993 897 3052 materia
951 2996 1038 3055 verbu
1058 3002 1125 3054 sunt
1143 2994 1301 3070 pensando.
1317 2996 1443 3081 Quorum
1462 2994 1539 3068 prior
1558 2993 1601 3051 sio
1619 2992 1755 3067 loquitur,

92 3087 198 3147 dicitur
222 3087 379 3159 lavacrum,
405 3089 479 3164 Eph.
504 3106 533 3160 ι,
555 3092 612 3163 eo;
635 3106 652 3149 a
676 3090 767 3148 torma
793 3089 897 3149 dieitur
954 3094 1046 3152 Trcct.
1063 3095 1096 3151 dc
1109 3095 1249 3163 aucam,
1264 3090 1333 3149 diss.
1348 3092 1387 3150 t:
1733 3162 1736 3169 Ι

91 3186 232 3260 sigillum,
247 3186 439 3261 signaculum,
454 3187 618 3262 obsignatio
635 3188 713 3258 lldei,
729 3202 894 3269 sacramen·
989 3212 1000 3241 ι
1021 3189 1244 3248 sacramentalia
1259 3188 1381 3246 dicimus
1396 3194 1510 3260 propter
1525 3185 1650 3259 aliquam
1671 3185 1754 3244 simi·

91 3290 155 3343 tuna
172 3283 223 3342 SS.
247 3284 402 3353 Trinitatis,
423 3292 453 3343 et
473 3284 899 3357 iidei3ubei1eetibusdieitur
952 3285 1100 3345 titudinem
1118 3300 1185 3345 cum
1209 3285 1410 3353 sacramentis,
1434 3290 1575 3355 quatenus
1598 3297 1686 3355 quum
1705 3296 1754 3340 aa·

68 3378 70 3381 ’
89 3381 239 3440 lavacrum
251 3383 480 3455 regenerationis
495 3390 525 3440 et
537 3383 742 3452 renovationis,
753 3383 808 3440 Tit.
821 3398 850 3452 v,
864 3382 894 3452 tt,
951 3391 1098 3441 eramenta
1119 3389 1239 3441 causent
1264 3381 1387 3456 gratiam
1410 3379 1629 3452 instituentem,
1655 3393 1753 3438 sacra·

92 3477 201 3537 ablutio
220 3487 417 3552 peecatorum,
433 3481 496 3538 Act.
512 3495 587 3550 xxiv,
608 3480 657 3549 lii,
674 3481 748 3540 Vite
769 3479 896 3549 novitas,
952 3480 1086 3540 mentatio
1114 3484 1235 3538 causant
1267 3479 1467 3536 remissionem
1496 3478 1662 3536 venialium.
1697 3477 1755 3535 Sex

91 3576 176 3635 ilem.
187 3591 232 3647 vr,
246 3577 276 3647 b,
293 3577 522 3647 constitissem!
542 3578 607 3636 Cor.
621 3592 665 3647 vr,
680 3579 729 3647 ll,
745 3576 896 3650 Sepultura
950 3577 1169 3637 sacramentalia
1193 3577 1383 3636 communiter
1405 3572 1623 3649 assignentur...
1648 3575 1750 3635 Sacra·

88 3672 218 3733 bominis
242 3689 308 3733 cum
332 3673 444 3734 cbristo
469 3674 662 3753 innmortem,
688 3676 770 3732 Rom.
794 3690 833 3744 ιι,
864 3673 894 3744 l,
951 3676 1085 3734 mentalis
1100 3691 1158 3734 non
1170 3676 1317 3733 remittunt
1329 3674 1451 3732 veriialis
1466 3688 1504 3731 ex
1519 3688 1606 3746 opere
1619 3679 1750 3747 operato,

89 3772 272 3831 circumcisio
290 3787 346 3830 non
363 3771 543 3842 manufacta,
557 3773 666 3831 Cotem.
682 3788 717 3842 ιι,
735 3773 787 3844 ll;
804 3787 820 3830 a
835 3787 892 3830 ete·
949 3774 1001 3832 sed
1015 3788 1050 3832 ex
1064 3788 1152 3847 opere
1166 3774 1312 3847 operantis
1326 3779 1448 3842 tuntum,
1463 3778 1492 3830 ct
1505 3785 1556 3846 per
1569 3770 1688 3831 modum
1700 3770 1752 3830 im·

89 3870 230 3928 marculis
244 3869 345 3927 dieitur
360 3870 562 3928 vestimentum
574 3884 680 3927 nevum
695 3869 862 3941 candidum,
879 3884 894 3928 u
950 3872 1125 3946 patrationis.
1145 3893 1156 3923 ι

89 3966 119 4026 S.
131 3967 229 4042 vaill.
244 3968 346 4036 leros,
358 3973 388 4025 et
399 3967 523 4024 unctioa
538 3966 566 4023 S.
582 3966 803 4025 Nostrumne.»
985 3971 1013 4028 S.
1033 3969 1167 4029 rhomes.
1191 3977 1264 4043 part.
1283 3972 1333 4029 lll.
1350 3984 1379 4042 q.
1394 3970 1430 4028 87
1451 3986 1458 4027 :
1476 3990 1488 4019 ι
1506 3967 1620 4041 Triplici
1641 3965 1752 4024 ratione

121 4066 288 4137 Antequam
316 4062 453 4137 baptismi
483 4063 682 4122 definitionem
712 4064 806 4123 tradat
834 4067 892 4123 llo·
949 4068 1393 4142 aliqeeeausantrernissionem
1412 4060 1750 4123 venialiutnzunomodo

86 4163 210 4232 nerins,
234 4161 303 4234 nutu
326 4162 363 4221 sit
390 4169 601 4220 sacramentum
629 4164 790 4236 generatim
816 4163 895 4235 prius
949 4166 978 4224 in
991 4165 1172 4239 quantumin
1186 4162 1510 4237 eisiuiunditnrgratla,
1526 4162 1592 4235 quia
1608 4174 1661 4236 per
1674 4158 1750 4217 inlu·

88 4260 234 4334 exposuit,
249 4267 353 4331 etque
367 4260 425 4317 sint
446 4259 476 4316 in
495 4259 666 4332 baptismate
692 4260 739 4316 vel
764 4259 892 4332 siguum,
948 4263 1061 4320 monem
1079 4263 1181 4336 gratiae
1202 4262 1337 4320 wlluntur
1358 4261 1480 4317 venialia
1503 4266 1630 4331 peccata,
1646 4265 1675 4315 et
1690 4257 1750 4317 boc

86 4357 132 4415 vel
157 4372 206 4414 res
232 4356 405 4430 significata,
431 4355 496 4417 inlr.
521 4356 575 4415 col
597 4357 675 4414 eds:
702 4356 896 4429 «Baptismus
948 4358 1035 4417 modo
1056 4374 1107 4432 per
1126 4356 1329 4415 eucharistiam
1353 4364 1382 4413 et
1399 4363 1557 4412 extremam
1572 4353 1751 4424 unctionem,

89 4469 233 4528 magnum
254 4462 465 4511 sacramentum
486 4461 539 4511 est.
553 4455 770 4511 Sacramentum
782 4460 827 4510 est
842 4468 891 4510 aa·
948 4458 977 4514 in
993 4457 1095 4530 quibus
1108 4453 1251 4514 confertur
1265 4454 1369 4528 gratia,
1383 4458 1499 4525 peccata
1512 4451 1634 4510 venialia
1650 4450 1749 4508 remit·

88 4566 147 4610 cam
162 4552 206 4609 rei
224 4552 351 4625 signum,
374 4550 402 4609 id
425 4550 595 4625 estquando
620 4565 709 4608 unum
729 4548 843 4608 videtur
866 4557 894 4607 et
948 4546 1753 4626 tuntur320inquanturnsuntcumaliquomotudetesla·

89 4649 169 4709 aliud
184 4649 362 4722 intelligitur.
386 4649 463 4707 Sicut
483 4649 512 4706 in
526 4648 668 4723 baptismo
681 4646 792 4707 videtur
805 4662 893 4722 aqua,
949 4653 1034 4711 tionis
1043 4659 1236 4727 peccatorum,
1245 4648 1336 4706 etheo
1347 4646 1432 4705 modo
1441 4643 1584 4705 confessio
1593 4646 1750 4722 ειιιιιιιίι,

87 4756 118 4806 et
133 4747 305 4821 intelligitur
316 4747 410 4822 gratia
422 4746 565 4805 lieillam
575 4746 649 4804 sient
658 4760 732 4818 aqua
742 4746 822 4829 lavat
835 4761 894 4803 sor·
949 4750 1044 4808 tunsio
1066 4749 1189 4823 pectoris
1210 4755 1239 4806 at
1259 4746 1356 4806 Oratio
1377 4744 1521 4803 dominica
1544 4752 1699 4818 operantur
1713 4744 1762 4805 ad·

81 4845 135 4905 des
162 4845 303 4919 corporis,
325 4846 419 4903 sicet
440 4843 493 4903 liei
518 4844 611 4917 gratia
633 4843 751 4902 mundet
775 4851 893 4918 peccata
948 4849 1147 4906 remissionem
1160 4847 1314 4907 venialium
1325 4844 1561 4918 peecatorum33⁰
1572 4843 1600 4902 in
1610 4851 1749 4917 meantum

83 4943 193 5001 ammas
206 4943 341 5015 interius.
360 4964 372 4992 ι
948 4954 1013 5006 aunt
1028 4961 1095 5005 cunr
1110 4947 1205 5018 aliquo
1219 4952 1298 5002 motu
1314 4942 1483 5002 reverentie
1502 4943 1531 4999 in
1553 4943 1645 5001 Deum
1664 4949 1692 5001 et
1713 4941 1748 5001 sd

116 5042 257 5100 Naturam
272 5039 452 5098 demonstret
467 5037 552 5113 hujus
565 5039 751 5109 sacramenti,
767 5039 822 5097 eol.
841 5039 892 5097 etl
948 5060 994 5103 res
1013 5043 1136 5114 divinos,
1156 5050 1185 5100 et
1209 5041 1264 5099 boc
1287 5041 1372 5100 medo
1385 5040 1551 5114 ,benedictio
1566 5039 1748 5113 episcopalis,

81 5137 148 5207 aruir,
172 5139 247 5196 Nam
271 5144 351 5207 sunt,
374 5159 385 5188 ι
408 5138 481 5195 inter
501 5137 599 5196 omnia
616 5143 813 5207 sacramenta,
830 5151 894 5210 quta
948 5143 1076 5217 aspersio
1097 5156 1179 5214 aqum
1198 5139 1365 5211 benedictae,
1381 5139 1514 5214 quaelibet
1532 5136 1750 5197 sacramentalis

81 5243 132 5294 aut
147 5234 183 5294 ad
200 5234 427 5308 purificationem
441 5241 490 5291 aut
504 5232 539 5292 ad
553 5233 756 5291 exaltationem
773 5233 894 5294 hnmani
948 5240 1054 5309 unctio,
1070 5239 1162 5297 oratio
1172 5239 1200 5295 in
1211 5238 1331 5296 ecclesia
1344 5237 1484 5306 dedicata,
1501 5245 1529 5294 et
1542 5237 1568 5294 si
1581 5236 1676 5307 aliqua
1691 5232 1747 5290 alia

82 5335 202 5409 generis
216 5333 336 5391 instituit
353 5332 517 5391 Filiusliei.
537 5354 549 5383 ι
566 5332 602 5389 Ει
616 5329 776 5405 baptismus
798 5340 842 5391 est
857 5333 894 5392 ad
947 5346 1014 5397 sunt
1029 5336 1203 5410 hujusmodi,
1215 5344 1370 5410 operantur
1384 5334 1420 5392 ad
1433 5333 1631 5390 remissionem
1646 5328 1744 5388 venia·

84 5432 323 5510 purificationem.
692 5490 695 5496 ,
947 5438 1016 5495 lium
1029 5444 1221 5509 pcccatorum.
1240 5456 1251 5485 r

121 5532 163 5588 lte
178 5529 368 5587 sacramentis
382 5528 411 5586 in
425 5542 534 5602 genere
550 5526 644 5602 quoad
659 5526 787 5601 ipserum
801 5527 890 5586 eliee·
983 5535 1051 5604 Qum
1061 5540 1128 5591 sunt
1138 5539 1242 5590 vereet
1252 5517 1366 5605 proprie
1380 5528 1544 5601 novaelegis
1553 5531 1746 5596 sacramenta,

80 5635 127 5689 tas
138 5624 342 5707 ilddsssstssdffl
356 5624 470 5687 tlissssdtt
490 5624 614 5697 diffiditis
628 5624 684 5686 ⁰01·
700 5623 755 5686 642
771 5641 778 5684 :
799 5648 811 5677 ι
826 5626 890 5686 Tria
947 5646 1011 5708 quae
1021 5648 1089 5692 voro
1104 5646 1161 5690 non
1176 5635 1243 5688 sunt
1257 5628 1312 5687 nisi
1328 5626 1422 5686 mirus
1435 5626 1557 5700 proprie,
1574 5633 1602 5685 ct
1617 5622 1743 5685 adsimi-
