3996 6196
268 324 307 384 ar
875 307 1048 368 sonetur
1068 305 1112 365 ru
1133 304 1276 366 cenna.
1875 306 1915 364 33

268 495 395 570 ribulis,
423 496 458 560 in
490 499 723 576 processione:¹
744 498 779 561 et
800 496 850 559 sic
874 494 976 558 intrat
1004 506 1055 554 ec·
1106 475 1913 587 br11m›⁸¹1t0³l¹⁸r1⁸mlla0⁸lfi⁰1¹0·f30ss⁸ffiffl

269 590 404 654 clesiam
418 596 682 666 Lateranensem,
700 594 734 656 et
747 593 829 655 tlunt
842 593 909 653 alia
931 587 1052 658 omnia,
1107 574 1405 650 ‘1¹10dm111101‘0d08
1424 592 1483 653 Per
1495 576 1540 645 ἴθι
1552 575 1605 637 V0¹
1618 590 1677 652 per
1692 575 1834 635 filietas
1851 574 1912 679 ³¹¹}

268 685 353 748 sicut
372 689 523 764 superius
540 692 589 751 est
603 691 812 750 enarratum:
828 687 890 748 hoc
904 685 1051 760 excepto,
1105 672 1268 742 nuntium,
1279 689 1331 734 me
1341 673 1464 735 sciente
1472 673 1514 735 ad
1526 674 1682 733 damnum
1698 672 1801 777 tuum
1818 667 1909 729 nullr

270 782 354 857 quod
374 799 448 844 cum
468 783 674 847 descenderit
692 785 733 845 ad
752 784 863 845 sedern
891 784 1055 842 stercora·
1106 768 1257 844 Passdaffl·
1269 772 1374 830 Tuum
1388 773 1513 831 certum
1531 769 1686 829 damnum
1704 767 1735 828 Si
1752 779 1908 833 solvero,

267 877 345 948 tam,
361 879 394 939 et
406 894 466 954 per
479 879 640 957 porticum
661 880 784 941 radens
805 878 978 939 ecclesiam
994 879 1054 936 La·
1105 879 1164 939 lim
1182 880 1277 940 POSSO
1292 881 1364 927 ffl00
1375 866 1456 926 illud
1472 864 1661 942 imPOdiflffl·
1681 861 1776 935 Qu⁰d
1797 861 1835 969 ⁸}
1849 874 1905 936 1³⁰¹

267 970 473 1034 teranensem
495 974 678 1046 intraverit,
695 990 761 1035 non
778 973 888 1035 statim
906 971 1054 1033 ascendit
1105 975 1157 1020 me
1179 960 1338 1037 impedire
1360 976 1426 1022 110ss
1449 962 1573 1038 Ρθῑθῖθ,
1597 959 1681 1020 illud
1703 958 1766 1019 filli
1788 972 1909 1031 Slss'ffl·

266 1064 308 1124 ad
318 1065 422 1127 altare
433 1082 492 1127 seu
502 1067 543 1127 ad
556 1068 756 1128 sedemzsed
767 1066 903 1128 veniens
913 1064 1052 1126 interius
1105 1054 1290 1133 f¹02¹l>01><³r
1313 1057 1490 1132 meipsum,
1514 1056 1568 1117 vel
1594 1071 1654 1133 P01‘
1684 1054 1819 1116 linem
1846 1052 1908 1112 aut

265 1174 309 1220 er
321 1160 421 1221 choro
429 1162 548 1238 majori
559 1163 635 1223 ante
647 1178 772 1234 cruces,
783 1162 875 1224 tlnito
888 1164 1052 1223 TcDeum
1104 1152 1266 1221 nuntium,
1282 1168 1341 1213 8011
1361 1153 1459 1214 talem
1480 1151 1818 1229 P0l³011³mrdt³il¹1²
1843 1163 1908 1224 pro

266 1258 460 1328 laudamus,
486 1256 580 1330 dicit,
600 1260 820 1331 Apamam
838 1257 995 1318 7203th
1016 1258 1052 1316 ιη
1105 1248 1193 1307 certo
1206 1247 1348 1317 credam,
1362 1247 1446 1325 quod
1457 1247 1540 1308 illud
1551 1247 1611 1307 tibi
1624 1246 1741 1308 debeat
1753 1244 1908 1305 fideliter

266 1354 404 1411 camnine
432 1355 580 1424 Domini,
602 1355 664 1415 etc.
690 1354 743 1414 Sit
768 1367 893 1413 nomed
915 1352 1053 1413 Domini
1104 1342 1285 1404 insinuare·
1311 1345 1471 1420 Paralum
1496 1346 1681 1404 Romanum
1703 1343 1738 1404 θῐ
1766 1340 1906 1416 ῐθεᾶῧδ

266 1446 486 1518 benedictam,
501 1448 562 1509 etc.
584 1449 780 1509 Benedictio
797 1450 862 1508 Det
880 1448 1001 1508 Patris
1019 1446 1053 1507 et
1104 1437 1192 1499 beati
1215 1439 1304 1500 Petri
1327 1455 1400 1516 ‹111ae
1427 1437 1528 1500 hahes
1556 1439 1598 1498 ad
1624 1436 1840 1499 retinendum
1872 1438 1907 1496 ⁶1

265 1542 355 1611 mete,
372 1542 433 1601 etc.
447 1543 968 1616 aerteuetroneeemntpotente
980 1545 1053 1603 Pa·
1105 1533 1358 1609 defendendum
1372 1551 1444 1612 quae
1456 1550 1609 1595 veronen
1622 1532 1736 1600 habes.
1745 1533 1906 1593 adrecu-

266 1629 332 1690 tris
356 1633 390 1692 et
413 1636 494 1693 Filii
514 1635 548 1693 et
565 1634 717 1708 Spiritus
734 1636 851 1695 Sancti
871 1632 1053 1695 descendat
1104 1630 1296 1706 perandum,
1315 1633 1349 1693 et
1366 1631 1559 1706 recuperata
1578 1630 1621 1690 ad
1639 1629 1856 1690 retinendum
1869 1628 1906 1688 et

264 1739 370 1798 super
390 1742 460 1798 cos,
484 1730 517 1789 et
539 1729 680 1789 reddeat
698 1744 845 1802 semper.
864 1731 933 1789 Hoc
952 1726 1050 1800 lacto,
1105 1725 1353 1794 defendendum,
1366 1728 1480 1787 contra
1498 1741 1611 1788 omnes
1629 1724 1782 1785 homines
1797 1724 1904 1801 adju·

266 1818 397 1880 ducitur
419 1821 460 1882 ad
482 1822 596 1894 altare,
622 1822 655 1884 et
679 1824 861 1900 prostratus
884 1823 967 1894 orat,
996 1821 1052 1899 qui
1104 1822 1156 1883 tor
1179 1836 1236 1883 ero
1264 1822 1443 1882 secundum
1470 1837 1566 1898 posse
1592 1836 1632 1881 ac
1655 1822 1743 1881 scire
1766 1836 1900 1893 meum3

266 1915 437 1991 postquam
455 1918 610 1990 oraverit,
631 1918 740 1980 sedem
763 1922 921 1996 majorem
941 1931 1054 1979 ascen·
1106 1917 1298 1978 nominatim
1316 1920 1425 1978 autem
1446 1918 1595 1977 sanctum
1613 1916 1760 1984 Petrum,
1778 1914 1903 1976 urbem

266 2009 324 2080 dit,
341 2012 373 2072 et
400 2012 445 2072 ibi
467 2014 643 2075 canonicos
666 2015 813 2092 ejusdem
838 2013 986 2075 ecclesiae
1010 2011 1052 2073 ad
1106 2016 1298 2082 Romanam,
1316 2013 1481 2075 civitatem
1498 2012 1690 2080 Leoninam,
1703 2010 1903 2086 transtybe-

265 2105 364 2179 pedes
379 2108 516 2183 recipiet
529 2109 562 2170 et
581 2109 623 2170 ad
638 2110 786 2171 osculum
802 2110 903 2187 pacis.
921 2109 955 2169 Si
974 2122 1052 2169 vero
1105 2110 1169 2169 rim
1184 2109 1339 2177 insulam,
1352 2109 1522 2170 castellum
1535 2107 1726 2176 crescentii,
1745 2108 1902 2167 sanctam

265 2198 471 2263 descenderit
485 2204 526 2264 ad
547 2205 721 2265 ecclesiam
736 2205 848 2266 Sancti
863 2204 953 2265 Petri
973 2219 1054 2265 eon·
1105 2205 1245 2266 Mariam
1258 2205 1453 2275 Rotundam,
1467 2207 1627 2272 senatum,
1641 2204 1819 2271 monetam,
1832 2202 1903 2264 ho-

265 2294 423 2366 secratus,
438 2297 549 2357 omnia
563 2298 646 2360 ilunt
659 2299 745 2360 sicut
758 2298 793 2359 in
807 2299 947 2360 ecclesia
961 2300 1054 2359 Late-
1106 2316 1203 2362 nores
1224 2301 1257 2362 et
1275 2301 1450 2376 dignitates
1475 2299 1584 2372 Urbis,
1604 2300 1736 2377 portum
1760 2298 1901 2359 Ostien-

266 2389 418 2449 ranensi:
432 2390 494 2451 boc
505 2393 653 2468 excepto,
667 2394 752 2469 quod
762 2394 809 2454 ibi
821 2411 887 2455 non
899 2394 950 2455 est
959 2392 1052 2454 sedes
1106 2413 1186 2466 sem,
1206 2397 1238 2459 ct
1256 2397 1470 2459 tenimentum
1488 2395 1678 2464 Tusculani,
1695 2396 1730 2456 et
1747 2409 1899 2470 genera-

266 2484 456 2546 stercorata.
479 2486 519 2547 ut
536 2488 687 2564 proxima
706 2488 759 2548 die
778 2489 937 2564 sequenti,
961 2488 1052 2549 cele·
1105 2491 1180 2554 liter
1199 2493 1309 2554 omnia
1332 2492 1458 2567 regalia
1480 2492 1568 2553 intra
1592 2491 1707 2551 urbem
1729 2492 1765 2552 et
1786 2490 1898 2550 extra

265 2577 359 2640 brata
380 2581 492 2653 missa,
522 2598 588 2642 non
616 2584 791 2644 coronatus
812 2584 989 2645 revertitur
1011 2582 1052 2643 ad
1105 2587 1345 2656 cardinalibus,
1355 2587 1490 2648 familiis
1502 2587 1580 2655 tuis,
1589 2588 1744 2648 eteorum
1755 2584 1901 2647 venien-

266 2674 436 2749 palatium.
456 2677 639 2752 Antequam
654 2676 754 2739 intret
771 2678 956 2750 ecelesiam,
977 2677 1054 2739 des-
1105 2682 1192 2744 tibus
1210 2684 1252 2744 ad
1275 2686 1457 2746 Romanam
1480 2683 1665 2750 ecclesiam,
1687 2680 1899 2742 morantibus

267 2769 427 2830 cenditad
440 2771 549 2831 sedem
560 2772 773 2833 stercoratam
783 2794 790 2832 ε
800 2772 910 2850 ibique
922 2774 1049 2844 sedens,
1105 2779 1191 2856 apud
1203 2795 1288 2848 eam,
1302 2781 1334 2841 et
1345 2778 1572 2840 recedentibus
1585 2777 1626 2838 ab
1645 2793 1695 2846 ea,
1714 2776 1853 2853 plenam
1865 2777 1901 2838 et

268 2866 365 2940 prout
379 2868 430 2927 est
443 2867 555 2938 moris,
571 2867 604 2929 et
617 2866 742 2929 iaciens
752 2869 890 2945 jactum,
903 2870 989 2931 sicut
1001 2885 1052 2938 su·
1104 2891 1217 2937 veram
1240 2874 1449 2936 securitatem
1478 2873 1650 2951 praestabo.
1674 2874 1753 2933 Haec
1781 2872 1900 2933 omnia

266 2959 379 3035 pertus
393 2960 444 3022 est
461 2961 642 3035 narratum,
658 2963 819 3039 accipitur
833 2965 974 3041 apriore
988 2969 1054 3026 ba·
1100 2974 1178 3048 juro
1201 2987 1254 3032 me
1284 2970 1533 3033 observaturum
1554 2970 1641 3030 bona
1664 2968 1740 3037 tide,
1765 2968 1815 3028 sic
1843 2982 1901 3027 rne

266 3054 435 3116 teranensi
449 3056 483 3120 et
502 3072 577 3119 cunr
591 3073 657 3119 uno
671 3058 849 3132 cardinale,
870 3060 903 3122 et
923 3059 1054 3123 ducitur
1105 3069 1192 3130 Deus
1204 3066 1337 3144 adjuvet
1350 3066 1465 3128 ethaeo
1476 3067 1590 3126 sancta
1602 3066 1661 3126 Dei
1673 3063 1861 3140 evangelia.
1878 3080 1900 3121 »

264 3172 324 3235 per
337 3160 499 3235 porticum
518 3161 559 3222 ad
574 3162 765 3222 ecclesiam:
780 3163 813 3224 et
831 3162 941 3223 omnia
957 3162 1050 3235 flunt,
1144 3173 1194 3232 87.
1217 3173 1297 3232 cum
1313 3170 1410 3232 datur
1428 3169 1627 3247 procuratio,
1641 3169 1669 3228 si
1689 3167 1792 3229 suerit
1810 3182 1898 3229 cau-
1942 3243 1945 3246 ⁴

264 3254 350 3317 sicut
364 3257 515 3332 superius
527 3258 577 3318 est
590 3258 749 3320 notatum.
1106 3267 1261 3328 cellarius
1279 3266 1320 3328 de
1334 3267 1426 3343 parte
1445 3265 1675 3333 cardinalium,
1694 3264 1839 3340 recipiat
1855 3262 1901 3323 de

302 3360 353 3420 85.
383 3360 559 3423 Sciendum
587 3379 666 3424 vero
699 3363 784 3441 quod
813 3363 1053 3442 presbyterium
1106 3363 1232 3425 duobus
1249 3362 1483 3430 cardinalibus,
1504 3361 1625 3422 sivein
1644 3359 1804 3428 denariis,
1825 3360 1900 3420 sire

264 3455 452 3518 scholarum
467 3475 532 3519 non
545 3459 591 3520 ita
604 3459 710 3532 datur,
725 3461 811 3522 sicut
822 3462 851 3521 si
866 3460 965 3523 suerit
978 3477 1054 3523 con·
1106 3461 1141 3520 in
1152 3459 1349 3521 victualibus
1361 3458 1473 3519 detur:
1487 3457 1515 3517 si
1529 3471 1609 3518 vero
1623 3472 1690 3518 non
1702 3455 1803 3516 tuerit
1814 3471 1901 3516 can-

264 3555 411 3614 secratus
426 3554 460 3613 in
472 3554 562 3614 urbe.
576 3557 622 3615 De
633 3556 834 3632 presbyterio
843 3558 930 3617 enirn
939 3573 1053 3619 eorum
1107 3557 1271 3625 cellarius,
1285 3555 1325 3616 de
1343 3555 1410 3616 tota
1429 3552 1659 3630 procuratione
1675 3551 1900 3613 communiter

263 3648 343 3708 tunc
355 3649 513 3710 medietas
530 3652 709 3721 resecatur,
725 3653 871 3728 exceptis
884 3653 1009 3715 iudaeis
1020 3655 1055 3716 et
1106 3652 1147 3714 de
1165 3654 1258 3729 parte
1275 3651 1398 3712 domini
1418 3653 1516 3725 Papae
1539 3648 1571 3709 et
1589 3647 1813 3708 cardinalium
1837 3662 1899 3722 pro

263 3743 393 3804 clericis
401 3743 503 3815 urbis,
511 3743 1055 3809 etadextratoribus.Praeterease-
1106 3747 1232 3810 duobus
1244 3746 1466 3809 cardinalibus
1478 3743 1675 3806 cancellaria
1692 3743 1850 3819 recipiat,
1867 3743 1899 3803 si

264 3839 395 3899 natores
410 3839 501 3899 urhis
512 3839 680 3900 dominum
691 3843 815 3918 Papam
825 3842 944 3906 debent
957 3843 1056 3906 adex-
1106 3844 1201 3906 detur
1218 3844 1254 3904 in
1273 3842 1481 3905 victualibus.
1503 3840 1566 3902 sed
1581 3839 1610 3900 si
1628 3838 1725 3900 detur
1736 3840 1773 3898 in
1786 3839 1897 3901 dena-

265 3932 364 4002 trare,
375 3932 445 3993 sive
455 3934 583 3996 venerit
590 3928 811 4009 consecratus,
824 3937 894 4000 sive
902 3954 968 4000 non
979 3956 1054 4023 con·
1105 3940 1177 4008 riis,
1189 3939 1268 4001 tunc
1280 3937 1478 4000 cancellaria
1494 3951 1553 4013 pro
1565 3950 1631 3996 uno
1642 3935 1772 3996 tanturn
1784 3934 1900 3996 cardi-

265 4027 423 4100 secratus,
439 4044 459 4089 a
477 4030 572 4105 porta
591 4030 734 4093 civitatis
749 4049 851 4110 usque
871 4034 912 4095 ad
932 4036 1050 4110 locum,
1106 4035 1175 4096 nali
1186 4034 1335 4112 recipiat,
1347 4033 1405 4095 sed
1421 4032 1462 4095 de
1472 4033 1565 4111 parte
1575 4029 1803 4093 tantummodo
1814 4045 1897 4092 car-

265 4123 322 4183 ubi
348 4123 448 4186 fuerit
475 4125 671 4188 descensus:
694 4128 764 4190 sive
786 4128 991 4194 descenderit
1011 4134 1052 4195 ad
1106 4131 1238 4193 dinalis

265 4219 438 4280 ecclesiam
452 4223 718 4297 iateranensem,
732 4225 802 4286 sive
823 4226 864 4287 ad
879 4228 1053 4291 ecclesiam

266 4315 352 4376 beati
367 4317 474 4377 Petri:
491 4318 526 4377 in
540 4320 805 4383 remuneratione
818 4325 912 4400 cujus
925 4327 1053 4388 servitii
1105 4353 1218 4416 xm,
1241 4352 1330 4413 ordo
1341 4346 1390 4429 (1)
1403 4349 1448 4410 aa
1460 4348 1722 4409 penepwenpum
1733 4347 1898 4422 Impera.

267 4411 304 4472 10
322 4411 382 4472 sol.
402 4429 461 4490 pro
477 4429 560 4491 equo
582 4415 701 4478 debent
717 4417 851 4480 babere.
873 4421 1051 4483 Verumta-
1205 4456 1327 4527 torem,
1340 4455 1647 4528 mmmmm
1657 4451 1793 4526 aceepit,

266 4524 340 4569 men
375 4510 487 4572 schola
524 4511 770 4575 adextratorum
804 4514 900 4578 debet
929 4517 1052 4584 babere

266 4604 376 4667 30201·
894 4654 896 4657 ·
1145 4649 1195 4709 88.
1217 4649 1254 4708 ln
1272 4643 1405 4706 nomine
1423 4637 1719 4715 Christipromitto,
1742 4635 1890 4713 spondeo

1106 4744 1204 4820 atque
1215 4741 1372 4817 polliceor
1383 4752 1444 4814 ego
1454 4737 1495 4797 N.
1509 4734 1689 4811 Imperator
1701 4748 1814 4793 coram
1827 4734 1895 4792 Deo

368 4802 612 4864 mmmmm
624 4805 825 4866 Senatorum
841 4807 947 4868 Um·
1107 4838 1139 4902 et
1148 4838 1244 4900 beato
1256 4836 1365 4904 Petro,
1378 4849 1430 4895 me
1442 4832 1658 4910 protectorem
1671 4827 1718 4908 (2)
1732 4829 1766 4890 et
1779 4827 1896 4889 deien-

300 4955 349 5016 86.
357 4958 490 5030 «EgoN.
500 4957 591 5018 urbis
599 4958 1052 5021 Romaesenatorabhaehora
1106 4950 1214 4998 Wem
1226 4948 1309 5001 “³⁰³
1323 4931 1385 4993 ew·
1624 5029 1631 5042 ι
1860 5028 1868 5041 ·

269 5050 404 5111 inantea
414 5052 519 5113 fidelis
528 5053 650 5114 erotibi
659 5053 791 5115 domino
801 5070 874 5116 meo
884 5058 1052 5132 PapaeUr-
1144 5042 1195 5101 89·
1217 5037 1361 5099 «Dsshissc
1380 5032 1563 5094 OiatiOHOm
1581 5025 1892 5106 bilmaffldeheldl·

268 5144 364 5208 banc.
373 5148 447 5208 Non
456 5163 513 5208 ero
525 5148 560 5208 in
574 5148 660 5210 iacto
681 5151 828 5226 nequein
838 5152 979 5214 consilio
989 5169 1053 5214 ne·
1106 5152 1180 5200 001‘0
1192 5132 1386 5197 Albffllffllssis
1405 5129 1577 5234 eliswllus
1596 5124 1672 5232 ἃξὶῖθ
1688 5124 1819 5201 POPtaffl
1833 5139 1894 5185 ar-

268 5258 332 5320 que
345 5243 559 5314 inconsensu,
569 5246 605 5306 ut
620 5245 739 5322 perdas
753 5247 866 5317 vitam,
882 5249 940 5310 aut
950 5265 1055 5311 mem·
1105 5234 1255 5311 genteam
1266 5228 1412 5291 basilicae
1424 5224 1529 5284 smil
1540 5220 1663 5281 Petrr.»

305 5406 346 5481 (a)
360 5408 458 5465 Fusior
470 5414 498 5465 et
508 5407 664 5467 distinctior
675 5416 720 5466 est
733 5409 807 5468 Ordo
822 5410 897 5483 apud
906 5411 1054 5472 Onulriurn
1141 5398 1181 5473 (2)
1194 5393 1299 5455 Eidem
1313 5390 1371 5448 s0f⁰
1399 5385 1484 5445 Vfflh‘
1497 5383 1533 5441 ⁰¹³
1561 5384 1684 5445 neurim
1717 5388 1895 5458 Immittit

269 5479 604 5619 Bssnfflngqfflssssfflms
616 5482 708 5540 visum
718 5487 762 5541 est
772 5479 900 5541 codicem
914 5492 1052 5557 nocuum,
1106 5489 1181 5549 dicta
1194 5481 1280 5544 relert
1294 5478 1435 5539 Ditmarus
1450 5472 1529 5534 initio
1542 5470 1591 5531 lib.
1605 5474 1630 5533 7.
