3960 6188
117 333 190 394 917
583 334 788 396 DOMINIGA
810 335 1002 397 SECUNDA
1022 336 1128 398 POST
1149 337 1322 400 Pascite.
1718 345 1781 406 918

117 493 311 570 vigilamus
327 493 360 555 et
375 492 578 556 custodimus
594 493 728 571 vigilias
747 494 854 557 noctis
869 511 929 556 su·
983 495 1052 556 ait:
1068 495 1146 558 Esto
1164 496 1310 573 vigilans
1326 499 1360 559 et
1373 497 1533 561 conhrma
1556 498 1685 577 reliqua
1705 517 1780 579 quae

117 606 192 668 pra
208 591 327 669 populo
342 591 438 653 nobis
458 592 644 665 commisso,
670 609 712 653 ne
734 591 814 670 lupi,
832 592 927 664 idest,
982 593 1142 655 moritura
1164 597 1271 656 erant.
1296 595 1494 673 Hujusmodl
1514 598 1585 673 jam
1609 597 1779 658 moriturae

119 688 311 761 daemones,
328 705 371 751 ne
385 689 467 767 lupi,
485 689 583 762 idest,
606 690 766 763 haeretici,
790 707 831 752 ne
845 690 927 767 lupi,
983 692 1061 752 sunt
1079 691 1199 752 animae
1218 691 1435 764 subditorum,
1457 693 1522 753 nisi
1544 693 1781 756 confirmentur

118 786 229 859 idest,
254 786 331 848 falsi
345 787 477 859 tratres,
497 787 662 860 videlicet,
678 787 872 865 hypocritae,
886 804 928 849 ne
983 804 1042 865 per
1070 804 1183 850 curam
1211 790 1244 851 et
1272 790 1528 852 sollicitudinem
1554 792 1778 868 praelatorum.

119 883 214 962 lupi,
234 885 329 958 idest,
351 884 466 946 infesti
487 887 716 962 persecutores
737 886 931 963 dispergant
983 887 1087 958 Quam
1101 888 1270 963 torpentes
1285 887 1319 949 et
1330 888 1535 963 negligentes
1553 889 1621 950 sint
1636 890 1778 967 praelati,

118 997 223 1054 oves,
239 982 379 1059 perdant
394 982 427 1043 et
445 982 598 1045 mactent.
615 984 662 1045 De
676 982 794 1061 quihus
805 983 930 1044 daemo-
982 984 1047 1061 ipsi
1068 983 1213 1046 videant.
1229 985 1353 1061 Vigilat
1377 1001 1457 1061 ergo
1477 986 1615 1063 quilibet
1633 988 1778 1048 vestrum

117 1078 229 1140 nibus
241 1079 322 1141 dicit
333 1080 437 1142 David
452 1083 534 1148 :out
542 1081 706 1143 tribulant
715 1096 782 1154 mc,
798 1081 930 1144 eouoa-
983 1082 1016 1143 et
1029 1081 1168 1155 laboret,
1181 1082 1362 1143 secundum
1377 1082 1463 1160 quod
1481 1083 1562 1144 dicit
1575 1085 1753 1160 Apostolus
1769 1100 1777 1140 t

117 1178 214 1238 burst
229 1180 261 1239 at
274 1178 388 1239 motus
410 1179 511 1252 tuero
528 1177 597 1257 (Ps.
621 1179 670 1250 12,
691 1176 743 1257 5);
764 1178 797 1240 et
812 1177 929 1240 heatus
983 1184 1033 1242 tto
1057 1194 1141 1241 cero
1168 1183 1283 1257 sigito,
1299 1183 1336 1241 tn
1358 1183 1517 1242 omnihus
1536 1184 1665 1253 labora,
1693 1198 1779 1256 opus

117 1275 249 1336 Petrus
266 1296 274 1335 ε
289 1277 523 1337 Adversarius
530 1276 650 1338 noster
660 1278 812 1338 dicentem
824 1275 927 1355 (Petr.
981 1280 1038 1352 soc
1054 1278 1283 1352 cmopetmae,
1298 1281 1372 1339 stae
1378 1278 1641 1353 proedwatorts5
1655 1282 1790 1350 rrcz'ats-=

117 1388 156 1445 v,
177 1372 228 1452 8).
247 1372 287 1435 at
309 1373 489 1449 Gregorius
504 1390 546 1434 :c
568 1372 688 1435 Nullus
716 1373 752 1435 in
778 1372 844 1434 hac
859 1373 929 1435 vita
982 1377 1112 1438 tertam
1136 1375 1235 1436 tuum
1253 1379 1356 1450 impla
1380 1374 1425 1455 (11
1448 1376 1531 1437 Tim.
1550 1391 1595 1449 tv,
1616 1374 1661 1455 5).
1685 1375 1780 1438 Unde

113 1471 295 1548 justorum
306 1470 411 1542 venit,
427 1471 484 1548 qui
499 1486 566 1533 non
578 1471 706 1549 antiqui
721 1471 826 1533 hostis
840 1471 928 1532 insi·
982 1473 1160 1535 Zacharias
1181 1474 1217 1534 in
1245 1489 1387 1550 persona
1416 1474 1547 1553 praelati
1573 1474 1636 1536 ait:
1670 1491 1689 1534 c
1715 1476 1780 1535 As-

116 1568 201 1629 dias
229 1584 347 1645 passus
373 1567 427 1629 sit.
452 1571 532 1630 »De
554 1569 721 1631 haereticis
749 1568 873 1645 legitur
893 1568 929 1629 in
982 1573 1108 1649 sumpsi
1122 1571 1204 1632 mihi
1226 1571 1309 1633 duas
1324 1571 1448 1649 virgas,
1465 1588 1565 1634 unam
1588 1572 1705 1633 vocavi
1720 1571 1781 1631 de-

118 1667 266 1728 Cantico
281 1666 491 1728 canticorum
506 1670 605 1729 :Filii
621 1668 749 1728 matris
759 1682 928 1740 meaepu·
982 1685 1104 1741 eorem,
1121 1670 1153 1731 et
1166 1670 1304 1732 alteram
1317 1671 1435 1732 vocavi
1449 1669 1644 1741 tuniculam,
1659 1669 1692 1731 et
1701 1667 1779 1744 pavi

114 1767 325 1841 amaverunt
338 1766 461 1827 contro
475 1780 532 1827 me
546 1764 653 1843 (dant.
670 1780 694 1836 1,
710 1763 755 1842 5).
775 1766 822 1826 De
834 1764 929 1826 salsis
982 1783 1128 1843 gregem.
1150 1767 1362 1828 »Zacharias
1380 1768 1472 1829 tenet
1490 1781 1666 1842 personam
1686 1768 1780 1826 Prae-

116 1861 301 1935 fratrihus,
319 1863 416 1935 idest,
431 1861 614 1939 hypocritis
633 1862 755 1924 dicitur
768 1862 803 1922 in
819 1865 930 1924 Evan-
981 1863 1040 1926 lati
1055 1865 1145 1937 honi,
1164 1865 1220 1942 qui
1235 1865 1332 1927 dehet
1346 1865 1410 1927 sibi
1422 1879 1593 1926 assumere
1611 1862 1693 1923 duas
1709 1861 1781 1923 vir-

119 1960 221 2037 gelio
238 1959 425 2021 :Attendite
442 1975 462 2020 a
481 1960 641 2021 termento
668 1959 925 2033 Pharisaeorum,
981 1977 1051 2037 gas,
1075 1961 1171 2033 idest,
1192 1962 1275 2023 duas
1296 1962 1446 2033 vi1tutes,
1472 1961 1636 2039 Justitiam
1662 1961 1695 2021 et
1714 1959 1779 2019 mi-

121 2057 221 2136 quod
248 2057 431 2135 hypocritis
443 2057 504 2118 est.
520 2057 560 2119 Et
577 2056 656 2118 item
672 2056 709 2117 in
720 2056 926 2133 Evangelio:
981 2059 1218 2120 sericordiam:
1235 2059 1418 2137 justitiam,
1444 2060 1481 2119 ut
1504 2057 1650 2132 corrigat
1670 2057 1704 2117 et
1722 2072 1780 2132 pu·

121 2156 306 2218 Attendite
324 2171 346 2216 a
366 2157 463 2230 totale
485 2156 680 2228 Propheta,
703 2158 762 2227 qut
784 2155 928 2216 veniunt
981 2155 1053 2217 niat
1080 2155 1186 2216 malos
1212 2157 1248 2219 et
1279 2171 1473 2232 perversos3
1502 2152 1776 2231 misericordiam,

115 2257 168 2314 od
190 2268 252 2315 cos
274 2253 546 2315 investimentis
566 2255 699 2323 ovium,
717 2252 928 2313 tntrtrmectta
981 2253 1018 2314 ut
1029 2253 1144 2329 parcat
1154 2252 1385 2314 confitentibus
1397 2254 1431 2313 et
1440 2250 1685 2330 poenitentibus.
1699 2250 1778 2310 Sine

114 2351 245 2411 autem
255 2349 336 2410 sunt
348 2351 420 2422 topi
433 2346 716 2425 rapacesfflatth.
730 2364 790 2419 vn,
808 2346 927 2426 15).De
981 2348 1035 2409 his
1049 2350 1154 2425 virgis
1173 2366 1353 2426 numquam
1376 2352 1490 2427 pastor
1506 2349 1627 2426 poterit
1641 2362 1778 2425 pascere

117 2446 259 2506 infestis
274 2444 541 2523 persecutoribus
553 2444 601 2507 ait
614 2444 780 2523 Propheta
796 2445 832 2505 in
846 2459 926 2522 per·
982 2447 1139 2523 populum
1158 2446 1223 2508 sihi
1249 2447 1471 2519 commissum,
1502 2446 1592 2524 quia,
1622 2445 1651 2505 si
1677 2444 1777 2506 nimis

116 2559 209 2604 sona
224 2542 381 2604 Ecclesia
392 2559 428 2603 :c
442 2545 537 2619 Saepe
553 2543 827 2620 expugnaverunt
840 2558 927 2604 mea
981 2559 1117 2605 severus
1132 2545 1182 2606 est
1197 2544 1230 2606 et
1240 2543 1380 2620 rigidus,
1394 2540 1470 2605 odio
1484 2542 1639 2617 hahetur3
1655 2542 1777 2602 sivero

110 2640 297 2720 juventute
310 2656 426 2701 mea.»
980 2641 1080 2702 nimis
1095 2641 1258 2717 benignus
1277 2642 1311 2703 et
1325 2641 1527 2711 misericors,
1541 2638 1774 2701 contemnitur.

162 2740 288 2801 Contra
306 2738 378 2800 haec
394 2739 536 2816 quatuor
549 2753 674 2814 genera
697 2738 843 2800 hostium
864 2737 928 2799 ha·
980 2739 1040 2800 Vel
1059 2739 1168 2811 aliter,
1190 2738 1371 2816 pastoralis
1383 2753 1465 2799 cura
1485 2737 1519 2797 in
1535 2737 1682 2813 quinque
1701 2751 1778 2797 con·

116 2835 180 2899 het
192 2836 342 2898 Ecclesia
357 2836 564 2914 quadruplex
578 2837 832 2908 munimentum,
854 2837 926 2896 sive
980 2836 1077 2898 sistit.
1101 2834 1187 2897 Nam
1210 2836 1440 2913 unusquisque
1462 2833 1569 2895 honus
1589 2835 1702 2910 pastor
1715 2832 1779 2893 de·

116 2933 375 3012 quadruplicem
397 2949 539 3006 murum,
563 2933 603 2994 de
626 2933 745 3010 quihus
769 2932 924 3009 singula·
979 2932 1034 2995 het
1059 2932 1182 2994 hahere
1205 2933 1350 3011 quinque
1371 2933 1504 3008 virgas:
1525 2929 1692 3002 videlicet,
1705 2929 1778 2990 vir·

117 3032 208 3093 riter
235 3031 276 3092 ad
306 3047 453 3109 praesens
480 3031 626 3093 tractare
657 3030 851 3103 omittimus,
881 3045 924 3090 ne
978 3047 1053 3108 gam
1078 3031 1276 3108 disciplinae,
1301 3030 1431 3105 virgam
1454 3027 1622 3105 potentiae,
1647 3027 1776 3103 virgam

117 3144 234 3190 sermo
258 3129 410 3206 prolixus
433 3128 570 3205 generet
590 3127 761 3189 fastidium
785 3126 925 3188 auribus
978 3129 1139 3200 scientiae,
1155 3128 1286 3200 virgam
1299 3127 1469 3198 custodiae,
1484 3126 1517 3187 et
1530 3125 1659 3201 virgam
1674 3125 1777 3185 mise-

117 3225 344 3288 audientium.
364 3229 484 3288 Pastor
497 3226 654 3287 Ecclesiae
669 3224 767 3285 dehet
785 3224 925 3300 vigilare
978 3224 1143 3285 ricordias.
1173 3225 1286 3285 Prima
1312 3225 1408 3300 virga
1429 3226 1480 3285 est
1496 3223 1603 3294 utilis,
1630 3220 1775 3283 secunda

119 3323 261 3399 vigilias
289 3323 395 3384 noctis
422 3338 522 3399 super
544 3336 689 3398 gregem,
717 3321 813 3393 idest,
829 3320 926 3381 dehet
977 3320 1150 3392 terribilis,
1166 3320 1266 3381 tertia
1286 3320 1410 3391 dulcis,
1425 3320 1542 3396 quarta
1556 3319 1776 3395 circumspec-

120 3437 202 3482 esse
217 3420 380 3482 sollicitus
395 3422 428 3480 et
442 3419 600 3490 intentus,
615 3419 651 3479 ut
665 3420 797 3479 moneat
811 3417 845 3479 et
856 3432 925 3478 cor·
977 3417 1093 3490 tibilis,
1121 3417 1236 3494 quinta
1254 3417 1381 3489 suavis,
1409 3417 1505 3489 idest,
1531 3415 1772 3476 misericordia.

115 3518 212 3594 rigat
241 3516 393 3577 subditos
415 3532 504 3587 suos,
535 3516 567 3577 et
601 3515 778 3576 annuntiet
802 3515 923 3592 populo
977 3515 1079 3590 Virga
1094 3516 1183 3576 enim
1198 3514 1384 3591 disciplinae
1394 3513 1542 3590 corrigit,
1551 3513 1647 3588 virga
1657 3512 1776 3589 poten-

116 3615 188 3676 sihi
215 3614 391 3676 commisso
413 3613 541 3675 scelera
565 3628 682 3674 eorum
704 3612 737 3673 et
760 3612 921 3689 pericula,
976 3612 1033 3673 tiae
1052 3612 1157 3689 punit,
1173 3612 1268 3687 virga
1283 3611 1433 3673 scientias
1449 3610 1569 3682 erudit,
1587 3611 1683 3686 virga
1697 3625 1776 3671 cus-

116 3713 152 3774 et
172 3711 407 3773 tribulationes
425 3710 666 3787 hujusmundi.
692 3710 786 3773 Unde
810 3711 924 3772 Domi·
976 3710 1076 3772 todiae
1108 3709 1226 3782 munit,
1253 3710 1349 3785 virga
1382 3708 1627 3770 misericordiae
1655 3707 1773 3785 parcit.

117 3826 185 3871 nus
201 3824 261 3886 per
276 3808 416 3869 isaiam:
433 3824 452 3868 c
474 3808 656 3879 clamans
677 3823 808 3883 cesses3
826 3808 922 3885 quasi
977 3808 1056 3870 Sine
1081 3809 1157 3869 istis
1180 3808 1286 3883 virgis
1308 3822 1376 3867 non
1395 3806 1503 3883 potest
1527 3804 1634 3867 honus
1660 3806 1775 3882 pastor

116 3907 201 3968 tuba
223 3906 334 3967 exalta
355 3921 471 3967 vocem
492 3906 596 3977 tuam,
613 3905 646 3967 et
665 3906 832 3967 annuntia
856 3922 921 3983 po·
974 3921 1091 3982 regere
1107 3906 1140 3967 et
1153 3903 1511 3982 gubernarepopulum
1533 3903 1598 3964 sihi
1615 3903 1775 3964 commis-

117 4003 200 4081 pulo
218 4018 290 4065 meo
310 4003 437 4065 scelera
459 4018 584 4063 eorum.
600 4002 717 4075 »Quia
733 4003 821 4065 sicut
835 4003 922 4065 dici·
975 4020 1059 4064 sum.

116 4102 175 4161 tur
193 4115 253 4177 per
273 4098 499 4161 Ezechielem:
515 4102 554 4161 st
568 4114 638 4160 non
654 4101 921 4161 annuntiaveris
1015 4100 1078 4160 Sed
1092 4099 1148 4159 uhi
1173 4099 1515 4176 possumusinvenire
1533 4096 1633 4159 talem
1655 4097 1772 4172 pasto-

117 4197 469 4270 iniquetatqattatem
484 4211 598 4267 suam,
613 4200 918 4272 sanguinemque,
973 4211 1059 4267 rem,
1077 4195 1133 4273 qui
1151 4194 1272 4257 haheat
1290 4211 1404 4257 omnes
1423 4196 1506 4257 istas
1524 4195 1649 4270 virgas,
1674 4193 1770 4266 idest,

117 4294 418 4368 caesareensem
449 4295 491 4354 dc
516 4308 624 4353 manu
651 4293 712 4354 tea
739 4295 921 4365 requiram
975 4307 1089 4353 omnes
1103 4292 1188 4353 tales
1208 4292 1371 4354 vinucesr
1391 4291 1548 4353 Dicamus
1567 4307 1642 4352 cum
1657 4293 1771 4351 Evan-

118 4389 254 4470 (Ezech.
272 4407 322 4464 111,
340 4380 404 4470 18).
973 4389 1080 4465 gelio:
1097 4390 1248 4450 ‹Messis
1264 4388 1396 4466 quidem
1416 4388 1537 4462 multa,
1552 4387 1697 4464 operarii
1710 4403 1773 4447 au-

159 4490 248 4565 Ergo
262 4489 292 4549 si
311 4490 424 4565 pastor
445 4504 492 4560 es,
513 4487 615 4564 vigila
635 4487 668 4549 et
688 4485 917 4562 circumspice.
972 4483 1773 4563 tempauci.Rogemusergohominummessis,ut

73 4639 78 4647 .
117 4584 195 4647 Non
206 4586 294 4646 enim
305 4586 416 4663 posuit
427 4586 459 4647 te
470 4585 629 4646 Dominus
645 4584 680 4645 ut
691 4584 848 4655 dormias,
861 4584 917 4645 sed
973 4585 1081 4646 mittat
1094 4584 1266 4659 operarios
1280 4583 1315 4642 in
1335 4598 1476 4644 messem
1490 4597 1584 4643 suam
1594 4599 1613 4642 s
1625 4580 1718 4660 (Luc.
1734 4598 1769 4654 x,

119 4682 416 4760 utvigiles3nonut
426 4682 565 4744 stolidus
575 4697 722 4753 maneas,
732 4680 788 4742 sed
800 4682 836 4742 ut
846 4697 920 4758 pro·
972 4682 1018 4759 2).
1041 4684 1152 4742 Bonus
1171 4696 1249 4756 ergo
1269 4680 1383 4757 pastor
1406 4679 1512 4756 pascit
1538 4694 1617 4740 oves
1636 4694 1714 4739 suas
1735 4679 1772 4739 in

117 4779 196 4841 vide
209 4781 475 4857 circumspicias;
488 4796 554 4841 non
565 4784 600 4841 ut
611 4779 850 4856 dormias‚quia
861 4779 917 4857 qui
972 4779 1132 4851 Ecclesia,
1156 4778 1235 4855 quia
1260 4778 1346 4839 sicut
1366 4778 1468 4855 piscis
1487 4793 1553 4838 non
1569 4778 1676 4854 potest
1698 4792 1773 4838 ma-

120 4875 298 4946 dormiunt,
314 4881 411 4939 nocte
433 4877 611 4947 dormiunt,
626 4878 659 4938 et
672 4877 729 4954 qui
742 4876 826 4939 ebrii
841 4878 919 4938 sunt
971 4893 1051 4939 nere
1067 4876 1140 4938 sine
1152 4890 1250 4953 aqua,
1267 4876 1313 4936 ita
1333 4875 1464 4952 praelati
1478 4890 1544 4935 non
1559 4875 1678 4937 dehent
1692 4890 1769 4935 ma-

119 4976 216 5036 nocte
227 4975 310 5036 ebrii
321 4974 479 5049 sunt3sed
488 4975 524 5035 ut
534 4973 663 5050 vigiles,
673 4974 918 5052 quiaquimane
972 4990 1051 5036 nere
1088 4975 1161 5035 sine
1191 4973 1351 5035 Ecclesia.
1377 4973 1470 5035 Unde
1504 4973 1540 5034 in
1566 4973 1768 5048 Evangelio:

120 5073 336 5150 vigilaverint
349 5073 390 5133 ad
404 5070 613 5148 sapientiam,
631 5071 802 5133 invenient
810 5071 915 5133 illam.
970 5072 1194 5149 ingredietur
1215 5073 1249 5133 et
1263 5073 1463 5146 egredietur
1479 5074 1512 5133 et
1524 5086 1657 5145 pascuo
1671 5074 1771 5130 tave-

120 5171 198 5241 Quee
211 5170 299 5231 enim
310 5173 417 5248 major
428 5166 658 5230 misericordia
669 5169 725 5229 aut
736 5168 841 5245 pietas
853 5172 915 5238 est,
970 5170 1043 5231 utet
1057 5167 1167 5248 (toan.
1179 5185 1214 5241 x,
1237 5168 1283 5248 9).
1301 5170 1510 5245 Ingredietur
1530 5167 1635 5230 honus
1653 5168 1768 5243 pastor

120 5282 218 5345 quam
234 5267 364 5328 animas
377 5266 590 5329 morientium
609 5265 814 5327 subditorum
826 5266 917 5327 'vivi-
970 5282 1030 5344 per
1043 5266 1369 5344 contemplationem,
1382 5266 1573 5343 egredietur
1585 5279 1645 5340 per
1661 5264 1769 5324 actio-

120 5365 241 5440 tlcare3
258 5366 409 5427 errantes
429 5364 470 5425 ad
485 5363 575 5426 viam
586 5364 727 5440 justitia
742 5362 913 5436 reducere,
970 5380 1056 5426 nem.
1068 5364 1322 5441 ingredieturin
1337 5379 1384 5435 se,
1399 5362 1548 5424 coelestia
1563 5360 1765 5432 meditando,

119 5460 242 5525 tractos
275 5462 496 5534 consolidare,
527 5463 661 5522 moestos
684 5461 718 5523 et
751 5476 916 5537 pauperes
969 5462 1158 5539 egredietur
1175 5461 1265 5524 toras
1289 5461 1366 5522 aliis
1382 5458 1605 5537 praedicando.
1630 5459 1671 5519 Et
1686 5473 1768 5534 pas·

120 5561 320 5622 consuleret
338 5561 416 5622 Ideo
433 5560 543 5621 autem
560 5560 706 5621 ioannes
721 5558 757 5619 in
772 5574 914 5636 persona
969 5577 1030 5622 cua
1042 5560 1201 5622 inveniet.
1219 5560 1347 5620 Pascua
1371 5557 1447 5618 sunt
1462 5571 1566 5617 sacrae
1587 5554 1767 5633 Scriptura

121 5658 295 5738 cujuslibet
319 5657 446 5737 praelati
473 5657 598 5733 Angelo
624 5655 774 5718 ecclesiae
799 5658 915 5721 Sardis
969 5658 1081 5733 verba,
1097 5658 1175 5741 quia
1186 5656 1231 5718 ihi
1243 5656 1321 5717 sunt
1333 5653 1443 5718 omnia
1460 5653 1546 5715 hona
1559 5654 1712 5732 exempla
1725 5653 1767 5716 ad
