3936 6182
105 313 168 376 les
769 315 893 376 LIBER
915 314 1125 376 CENSUUM.
1712 313 1771 375 494

104 472 214 535 ullam
230 473 436 536 submissam
457 489 645 552 personam,
670 473 811 537 tirmiter
836 489 917 552 pro-
971 488 1087 534 ecrum
1107 473 1337 536 auctoritatem
1357 476 1454 554 atque
1467 474 1538 537 deci
1554 475 1638 536 etum
1658 489 1767 551 quan-

103 572 214 643 mitto,
233 573 270 633 et
288 588 348 649 per
366 573 481 634 sancta
503 572 563 634 Dei
587 572 768 648 Evangelia
792 588 915 649 corpo·
970 572 1040 632 tum
1064 570 1105 632 ad
1129 587 1181 632 me
1204 571 1422 634 Raiuuccium
1448 573 1601 651 pertinet,
1625 572 1660 632 in
1681 587 1771 648 prae·

103 668 225 731 raliter
236 685 344 730 manu
357 671 587 748 proprisium,
601 670 802 733 renuntiatis
815 686 917 748 super
971 668 1078 729 sentia
1097 668 1198 730 etiam
1222 669 1458 733 advocatorum
1479 670 1605 733 domini
1623 669 1712 733 Petri
1728 669 1769 731 de

99 767 172 843 jam
188 765 296 827 dictis
310 767 474 840 omnibus,
495 768 584 829 omni
595 768 683 845 Juris
699 783 759 830 seu
774 785 917 831 consue-
969 765 1087 826 ludica
1101 766 1134 828 et
1153 766 1251 827 Pauli
1273 768 1455 841 Consulini,
1470 785 1510 830 ac
1532 769 1664 830 testium
1686 767 1768 829 sub-

105 863 235 925 tudinis
261 863 439 927 beneficio.
456 867 535 937 Quae
552 866 664 928 omnia
681 865 712 926 si
732 866 830 943 plene
856 867 917 928 iir-
970 863 1188 939 scriptorum:
1209 863 1245 925 in
1265 866 1445 942 praesentia
1467 881 1597 943 quoque
1612 865 1768 927 dominc·

105 960 277 1039 miterque
302 978 369 1024 non
390 961 611 1036 observarem,
627 963 680 1024 101
700 963 778 1025 siin
803 964 915 1042 aliquo
969 975 1043 1021 rum
1065 960 1297 1034 cardinalium,
1320 962 1477 1025 videlicet
1497 967 1628 1025 domini
1654 966 1768 1027 001011

106 1059 224 1121 contra
258 1059 364 1138 hujus
394 1061 525 1138 paginae
552 1063 702 1123 tenorem
734 1062 914 1141 aliquando
968 1058 1186 1121 111010000011
1194 1061 1377 1122 Laurentii
1387 1064 1424 1121 in
1434 1064 1565 1122 Lucina
1573 1062 1768 1135 presentari

104 1155 223 1221 venire
238 1158 420 1231 tentarem,
435 1158 515 1221 1110
530 1160 604 1237 post
616 1160 746 1222 reatum
760 1162 911 1239 perJurii,
967 1159 1156 1217 cardinatis
1166 1156 1491 1219 eideminiFidancii
1501 1156 1686 1235 presbyteri
1696 1173 1767 1219 car·

106 1270 172 1316 110
197 1270 279 1317 cum
308 1256 391 1318 meis
417 1255 606 1331 heredibus,
633 1257 695 1319 tibi
721 1259 912 1337 presbytero
967 1252 1090 1314 dinalis
1105 1253 1202 1316 titulo
1225 1255 1332 1317 sancti
1343 1255 1512 1331 Marcelli,
1529 1255 1664 1333 propria
1685 1270 1765 1315 nos-

106 1352 260 1414 Simeoni
284 1354 518 1432 procuratorio
532 1355 666 1418 nomine
681 1372 741 1433 pro
764 1357 913 1420 Ecclesia
966 1351 1018 1412 ira
1045 1350 1217 1413 voluntate
1242 1353 1484 1426 renuntiemus,
1510 1355 1543 1415 et
1562 1352 1765 1429 generaliter

105 1452 273 1525 Romana,
302 1453 335 1515 et
349 1452 515 1526 omnibus,
530 1452 651 1531 quibus
672 1470 733 1533 pro
757 1455 831 1532 ipsa
845 1457 911 1517 Ec-

105 1546 210 1610 clesia
226 1565 441 1629 quocumque
453 1551 550 1614 modo
564 1550 680 1629 petitio
700 1540 910 1630 competeret,

105 1644 180 1708 ante
193 1660 300 1709 omne
311 1647 380 1710 litis
402 1648 547 1721 initium,
569 1649 712 1726 quatuor
729 1649 832 1711 libras
847 1667 911 1729 op-

106 1741 178 1803 timi
193 1744 275 1805 auri
301 1743 433 1807 solvere
454 1746 588 1807 nomine
614 1762 720 1824 poenae
743 1748 909 1824 promitto,

106 1840 140 1900 ot
152 1855 257 1917 poena
281 1842 392 1904 soluta
413 1842 488 1904 baec
513 1842 666 1906 chartula
691 1843 787 1906 firma
811 1847 844 1907 et
863 1846 912 1907 in·

104 1938 267 2015 corrupta
292 1943 497 2017 permaneat.
518 1943 622 2013 Quam
645 1941 792 2004 scribere
805 1958 909 2020 roga·

104 2035 214 2096 111110
237 2037 422 2100 Falconem
439 2038 602 2117 judicem,
623 2039 659 2101 in
675 2054 790 2102 meuse
806 2042 840 2103 01
857 2042 912 2103 11-

104 2131 256 2195 dictione
272 2136 512 2215 suprascripta.

142 2230 291 2306 Signum
316 2249 435 2294 manus
462 2233 625 2296 dictorum
654 2234 841 2314 presbyteri
858 2236 912 2298 Si-

101 2328 248 2402 meonis,
264 2329 298 2391 et
312 2329 456 2392 dominae
472 2331 617 2408 Sophiae,
631 2330 733 2410 hujus
750 2332 911 2397 chartulae

102 2424 282 2499 rogatum.

966 1446 1150 1509 refutamus
1164 1447 1259 1511 vobis
1275 1452 1564 1514 00001000001110
1579 1450 1639 1512 Dei
1656 1450 1764 1527 gratia

966 1549 1117 1609 00010010
1135 1548 1273 1610 Sanctae
1299 1551 1415 1611 Lucioe
1437 1552 1475 1611 lc
1495 1552 1595 1613 silice
1623 1552 1765 1611 diacono

966 1647 1157 1718 cardinali,
1192 1645 1226 1707 ct
1253 1648 1385 1707 domini
1411 1651 1522 1721 Papia
1546 1651 1762 1718 carcerario,

967 1741 1122 1804 mandato
1150 1756 1281 1820 quoque
1309 1742 1343 1805 et
1370 1744 1579 1820 procuratori
1612 1745 1763 1820 praedicti

966 1837 1091 1900 domini
1131 1840 1312 1913 coelestini,
1331 1840 1386 1902 -ad
1415 1857 1497 1918 opus
1523 1834 1557 1904 et
1586 1842 1762 1904 utilitatem

965 1938 1049 2013 eJus,
1075 1938 1214 2014 ejusque
1235 1953 1483 2011 successorum,
1508 1955 1548 2001 ac
1568 1940 1670 2001 totius
1694 1942 1764 2002 Ro-

965 2050 1073 2095 manae
1087 2034 1246 2096 Ecclesiae
1259 2037 1418 2112 perpetuo
1431 2058 1439 2112 3
1461 2036 1547 2099 idest
1558 2053 1673 2099 omnes
1685 2037 1762 2099 illas

966 2133 1099 2194 centum
1123 2132 1244 2209 viginti
1267 2134 1413 2211 quinque
1443 2149 1574 2196 marces
1598 2133 1677 2197 boni
1705 2151 1763 2197 ar·

965 2229 1069 2305 genti,
1078 2244 1160 2307 quas
1173 2229 1270 2291 uobis
1282 2246 1371 2293 nunc
1379 2247 1484 2309 usque
1492 2234 1642 2294 Romana
1652 2232 1762 2295 Eccle·

967 2327 1028 2399 sia,
1045 2327 1079 2388 01
1094 2326 1285 2405 specialiter
1304 2328 1483 2405 praedictus
1500 2330 1652 2392 dominus
1670 2334 1760 2407 Papa

967 2422 1099 2498 debuit,
1129 2440 1189 2501 pro
1213 2424 1333 2503 quibus
1360 2426 1532 2504 praelibato
1566 2427 1645 2490 olim
1672 2430 1759 2507 patri

134 2521 313 2583 Dominus
330 2522 499 2586 iohannes
512 2524 615 2598 Petri,
631 2527 795 2590 Romanas
804 2529 912 2592 curiae
945 2522 1099 2594 nostro,
1111 2523 1144 2586 et
1164 2522 1242 2584 aliis
1263 2523 1333 2583 suis
1357 2524 1567 2588 consortibus
1594 2526 1759 2604 quondam

100 2616 352 2681 subdiaconus.
965 2618 1117 2682 dominus
1130 2624 1221 2698 Papa
1229 2622 1396 2686 Adrianus
1407 2625 1451 2685 iv
1461 2623 1631 2699 obligarit,
1644 2627 1677 2687 et
1682 2627 1759 2702 Jure

137 2715 312 2777 Dominus
327 2719 380 2791 R„
399 2717 523 2781 electus
537 2718 683 2784 civitatis
700 2722 908 2789 castellanae,
964 2717 1113 2793 pignoris
1132 2718 1270 2784 tradidit
1290 2721 1458 2783 civitatem
1482 2721 1703 2784 castellanam
1727 2724 1760 2785 et

142 2812 328 2891 Presbyter
338 2816 544 2878 Benencasa.
963 2814 1155 2877 universum
1179 2819 1371 2881 comitatum
1397 2822 1481 2898 ejus,
1507 2820 1608 2897 atque
1632 2822 1757 2882 Monte

143 2910 309 2986 Magister
322 2911 441 2974 (tuido.
962 2912 1111 2987 maltum,
1137 2914 1225 2978 sicut
1250 2932 1311 2993 per
1331 2916 1544 2994 privilegium
1567 2917 1673 2993 ipsius
1697 2917 1758 2978 do-

143 3007 309 3084 Magister
330 3009 448 3085 Orrigo
462 3010 600 3088 majoris
624 3010 774 3076 ecclesiae
798 3031 905 3078 cano·
961 3011 1044 3071 mini
1056 3014 1156 3089 Papae
1170 3012 1309 3075 noriam
1322 3014 1470 3091 apparet,
1485 3013 1582 3091 quod,
1598 3015 1756 3091 quantum

109 3103 173 3166 uici
187 3104 287 3167 dictae
302 3105 458 3169 011110110.
644 3108 649 3123 “
960 3108 1002 3170 ad
1023 3123 1086 3170 100
1109 3110 1263 3186 pertinet,
1289 3126 1420 3171 cassum
1441 3110 1559 3171 amodo
1583 3112 1617 3172 et
1638 3111 1757 3173 inutile

145 3202 326 3265 1101101110
341 3204 431 3267 Petri
446 3204 587 3268 Radulti.
960 3205 1014 3274 sit,
1040 3206 1073 3266 01
1095 3205 1220 3267 nullius
1243 3207 1402 3267 momenti
1423 3206 1555 3283 penitus
1581 3206 1754 3270 habeatur.

149 3299 525 3366 lebannesMalarolta.
961 3302 1195 3379 Quodcumque
1216 3302 1328 3379 itaque
1355 3305 1424 3379 jus,
1455 3303 1488 3365 et
1516 3319 1755 3383 quamcumque

146 3394 316 3459 lohannes
330 3398 493 3460 Landulfl.
960 3399 1124 3460 actionem
1143 3399 1352 3476 personalem
1364 3400 1398 3461 et
1410 3399 1446 3460 in
1460 3415 1542 3473 rem,
1559 3401 1630 3462 0110
1644 3401 1754 3480 hypo-

146 3494 353 3569 Anastasius,
370 3496 567 3559 castellanae
579 3496 724 3559 civitatis
736 3499 843 3561 miles.
959 3496 1155 3566 1100011011,
1176 3496 1337 3558 adversus
1351 3500 1535 3559 Romanam
1556 3499 1752 3575 Ecclesiam,

107 3630 111 3639 .
151 3591 251 3654 Falco
278 3592 394 3655 divina
421 3594 530 3671 gratia
558 3596 716 3656 Romanae
746 3598 904 3661 Ecclesiae
959 3594 992 3656 et
1001 3593 1192 3671 specialiter
1203 3594 1363 3656 adversus
1378 3595 1501 3658 dictum
1513 3597 1682 3659 dominum
1692 3601 1753 3661 Pa·

112 3685 211 3760 judex
232 3691 266 3753 et
288 3690 451 3764 notarius,
476 3689 564 3753 banc
581 3692 738 3769 paginam
757 3695 901 3773 scripsit,
958 3707 1034 3768 pam
1057 3692 1280 3763 coelestinum,
1311 3693 1344 3755 et
1370 3693 1407 3753 in
1437 3694 1526 3756 omni
1554 3695 1754 3772 patrimonio

117 3783 147 3843 01
158 3783 309 3849 absolvit.
957 3789 1114 3851 Ecclesiae
1127 3792 1297 3859 Romana,
1311 3790 1344 3853 01
1358 3790 1548 3869 specialiter
1561 3794 1596 3853 in
1611 3795 1754 3871 praedic-

955 3888 999 3951 tis
1013 3888 1207 3966 pignoribus
1222 3888 1317 3950 nobis
1329 3888 1491 3951 hactenus
1506 3890 1662 3967 obligatis
1683 3893 1751 3954 tam

117 3997 267 4065 01011010
287 4003 512 4078 restitutionis
525 4004 627 4078 focile
646 4006 902 4077 0011010100-
951 3989 1029 4064 jere
1053 3986 1107 4049 iel
1132 3987 1309 4067 eeeetieee
1344 3987 1491 4064 Peeeflxee
1523 3990 1623 4051 sellie
1656 3990 1751 4053 flebis

150 4098 201 4157 nte
233 4103 448 4175 caparromp
481 4115 588 4174 super
625 4103 715 4176 facto
748 4105 901 4168 Civitatis
955 4085 1183 4162 competentis,
1198 4101 1297 4162 quam
1319 4085 1420 4147 etiam
1441 4085 1537 4157 lucri,
1559 4102 1749 4162 usurarum,

151 4194 358 4270 castellam,
374 4212 467 4260 anno
482 4200 570 4260 1195,
954 4183 1131 4254 fructuum,
1144 4182 1199 4243 101
1211 4183 1439 4243 accessionum
1451 4184 1534 4260 ejus,
1546 4184 1579 4245 et
1591 4201 1697 4260 poenae
1718 4189 1751 4249 01

954 4280 1061 4342 omnis
1080 4295 1190 4341 causae
1214 4278 1386 4351 habemus,
1402 4279 1455 4341 101
1472 4279 1595 4342 habere
1615 4298 1747 4359 quoquo

150 4371 332 4437 innomine
351 4375 494 4437 Domini.
517 4377 612 4438 Anno
635 4377 816 4441 Dominicae
840 4382 898 4441 ln·
953 4378 1049 4439 modo
1070 4392 1253 4454 possemus,
1275 4375 1381 4448 robis,
1405 4378 1441 4436 ut
1461 4376 1584 4438 dictirm
1606 4379 1666 4449 001,
1688 4396 1748 4455 pro

115 4471 307 4535 carnationis
334 4473 511 4537 millesimo
537 4473 718 4537 centesimo
750 4491 899 4553 101000-
953 4475 1039 4536 dicto
1054 4474 1187 4535 domino
1209 4477 1311 4548 Papa,
1336 4474 1370 4533 01
1393 4472 1463 4532 suis
1487 4474 1745 4549 successoribus

117 4561 190 4627 simo
203 4570 328 4645 quinto,
352 4573 487 4633 010110
502 4575 521 4633 4
539 4571 751 4649 pontificatus
772 4573 898 4637 domini
952 4571 1180 4649 procuratorio
1203 4568 1338 4631 nomine
1359 4568 1561 4644 generaliter
1581 4570 1617 4632 in
1636 4574 1748 4634 omni-

118 4657 270 4729 celestini
283 4671 330 4729 Ill
343 4669 642 4746 Papae,indictione
658 4671 707 4743 13,
719 4675 898 4735 11010011-
951 4669 1013 4729 bus
1038 4670 1072 4730 et
1094 4683 1153 4746 per
1176 4667 1288 4729 omnia
1312 4666 1505 4729 refutamus.
1533 4668 1573 4731 Et
1593 4669 1681 4733 dicta
1695 4673 1749 4749 pi-

118 4754 177 4829 nio,
191 4760 240 4825 die
258 4767 308 4827 11.
322 4767 393 4827 Nos
408 4765 540 4843 quidem
553 4766 634 4828 Milo
649 4767 681 4828 et
693 4768 896 4831 Rainuccius
950 4781 1066 4842 guero,
1083 4765 1242 4843 quantum
1257 4764 1298 4826 ad
1315 4780 1376 4825 nos
1388 4764 1543 4841 pertinet,
1561 4768 1593 4829 et
1612 4770 1746 4846 specia-

117 4861 251 4924 germani
275 4861 418 4934 iratres,
448 4861 510 4923 fllii
542 4863 707 4940 quondam
733 4865 895 4928 Johannis
950 4864 1028 4925 liter
1048 4863 1216 4926 civitatem
1231 4862 1465 4935 castellanam,
1482 4865 1515 4926 et
1532 4866 1690 4945 quidquid
1711 4870 1747 4931 11

119 4948 319 5032 caparronia,
348 4959 478 5021 scilicet
509 4975 570 5036 ego
599 4961 801 5023 Rainuccius
829 4980 895 5026 una
950 4979 990 5024 ea
1012 4963 1102 5024 intus
1126 4961 1158 5023 et
1184 4960 1266 5023 loris
1294 4959 1455 5021 habemus
1483 4964 1642 5038 praedicto
1668 4969 1748 5044 Jure

119 5058 183 5109 cum
202 5053 284 5118 dicto
307 5058 432 5118 Milone
451 5056 553 5119 fratre
575 5058 608 5120 et
631 5057 785 5122 curatore
807 5077 892 5135 meo,
950 5060 1109 5138 pignoris,
1124 5058 1357 5132 deliberamus,
1371 5060 1405 5120 01
1417 5057 1458 5119 ab
1472 5062 1563 5121 omni
1572 5064 1654 5139 jugo
1666 5064 1747 5125 obli·

119 5138 150 5201 511
167 5144 225 5211 hoc
244 5154 325 5215 mibi
346 5170 367 5215 a
395 5153 549 5215 manibus
577 5155 786 5217 dominorum
807 5160 895 5236 judi·
948 5155 1093 5231 gationis
1107 5153 1311 5216 absolvimus
1323 5154 1356 5216 01
1372 5153 1576 5216 relaxamus.
1592 5157 1632 5217 Et
1646 5160 1746 5219 resti-

120 5252 184 5303 cum
212 5246 303 5324 dato,
329 5251 486 5314 videlicet
511 5253 664 5313 Sassonis
694 5254 892 5330 primicerii,
949 5253 1108 5316 tutionem
1121 5252 1305 5325 domorum,
1323 5251 1500 5323 terrarum,
1516 5252 1742 5328 etvinearum,

121 5336 247 5406 Oddonis
274 5349 437 5411 lobannis
469 5349 567 5410 Pazzi
596 5350 832 5425 secundicerii,
862 5356 895 5417 et
948 5351 1156 5428 aliarumque
1177 5364 1365 5422 causarum,
1387 5364 1470 5425 quas
1492 5349 1528 5412 11
1549 5348 1636 5410 dicta
1657 5350 1744 5412 civi-

120 5433 263 5504 lobannis
297 5446 467 5509 saissonis
498 5448 642 5521 arcarii,
672 5448 770 5525 atque
802 5453 892 5514 Petri
947 5449 1015 5511 tate
1029 5447 1217 5510 castellana
1231 5447 1321 5508 intus
1334 5447 1367 5507 et
1381 5445 1421 5506 de
1435 5444 1516 5505 loris
1527 5460 1632 5521 usque
1646 5450 1747 5513 modo

120 5530 243 5602 Romani
257 5543 296 5605 de
309 5544 503 5617 Scriniarm,
518 5546 550 5607 et
560 5546 650 5607 Petri
665 5547 763 5608 Pauli
774 5548 890 5623 Rubei,
947 5550 1014 5609 tam
1029 5546 1065 5607 in
1077 5543 1272 5623 corporibus
1290 5559 1393 5620 quam
1410 5543 1446 5602 in
1462 5542 1647 5603 actionibus
1663 5562 1746 5608 con-

120 5626 303 5715 Dativorum,
320 5643 354 5704 in
370 5643 560 5705 eorumdem
575 5645 763 5721 praesentia,
784 5646 816 5709 et
834 5664 893 5725 per
948 5645 1079 5707 stitutus
1090 5642 1382 5718 tenuimus,quam
1392 5639 1492 5700 etiam
1501 5641 1744 5708 restitutionem
