3996 6196
804 243 914 307 enno
935 247 1146 311 uouauus.
1739 236 1783 299 ⁷0
1805 314 1807 319 ,
1905 318 1908 327 λ
1926 236 1942 319 ζῑ
1968 266 1970 269 ·

388 456 473 520 m
495 461 545 521 De
562 460 730 523 omum
1001 437 1104 500 usque
1119 421 1158 484 ad
1172 404 1286 495 altare,
1298 435 1395 498 quam
1408 417 1549 482 maleam
1563 414 1705 492 acolythi
1717 412 1779 475 els-

1001 515 1074 576 dem
1087 517 1128 578 de
1142 517 1272 578 scriniis
1288 514 1411 578 domini
1432 517 1529 589 Papae
1543 510 1721 587 assignant,
1731 505 1779 567 ab
1840 538 1845 545 ·

209 600 344 661 ostiarii
358 603 468 663 autem
490 603 656 679 accipiunt
677 618 698 664 a
717 603 847 664 domino
860 605 949 678 Papa
1000 608 1081 685 ipsis
1095 611 1298 685 postmodum
1311 608 1484 684 recepturi.
1507 604 1665 677 Quamdiu
1680 602 1778 662 etiam

168 692 310 768 singulis
323 694 438 756 diebus
450 712 509 772 pro
524 697 734 759 custodiendo
751 696 873 775 palatio
893 711 950 757 co-
1000 699 1150 761 dominus
1177 704 1267 778 Papa
1288 700 1441 769 celebrat,
1465 698 1517 759 vel
1541 694 1697 772 praedicat
1715 691 1778 768 ipsi

167 788 362 849 mestionem
393 805 453 866 pro
497 790 622 852 duobus
663 791 784 853 scholae
823 790 947 868 ipsius·
1000 794 1081 855 illud
1095 794 1249 866 oidoium,
1262 793 1347 870 quod
1359 794 1500 870 pertinet
1513 791 1553 852 ad
1568 791 1666 866 ipsos,
1682 800 1779 847 exer-

167 882 306 952 Quando
319 899 399 946 uero
411 885 561 946 dominus
576 889 666 962 Papa
678 887 862 956 coronatur,
879 899 950 946 om·
1000 888 1084 950 cent.
1097 888 1186 950 Idem
1207 889 1366 965 praeterea
1389 889 1554 963 carpetam
1578 882 1778 960 tapetum,et

164 990 227 1036 nes
252 992 313 1052 pro
334 978 502 1041 voluntate
529 980 702 1041 camerarii
726 980 767 1041 ad
792 980 948 1057 palatium
1001 984 1110 1046 omnia
1136 984 1203 1044 alia
1229 981 1406 1043 memorata
1431 981 1467 1041 in
1494 995 1625 1039 recessu
1656 974 1778 1039 domini

165 1069 288 1133 debent
301 1072 467 1145 accedere,
492 1075 525 1136 et
537 1074 644 1151 ipsum
660 1075 817 1150 palatium
840 1074 950 1134 custo-
1001 1083 1099 1156 Papae
1110 1078 1229 1139 iterum
1240 1075 1358 1137 debent
1371 1074 1501 1150 portare
1516 1071 1557 1133 ad
1577 1071 1708 1148 gradus,
1723 1069 1778 1131 ubi

165 1164 251 1226 dire.
267 1167 405 1243 Propter
416 1167 501 1246 quod
515 1169 628 1230 eadem
643 1169 696 1230 die
718 1168 948 1230 comestionem
1000 1175 1051 1237 est
1061 1173 1256 1250 equitatura.
1273 1172 1347 1246 Ipsa
1372 1167 1531 1245 usquead
1549 1165 1707 1243 palatium
1720 1165 1779 1225 de·

165 1258 333 1323 adomino
345 1263 435 1338 Papa
449 1261 566 1324 debent
577 1261 710 1323 habere·
734 1262 949 1324 ostiariorum
1000 1268 1182 1346 portantur,
1211 1266 1268 1326 uhi
1287 1263 1405 1326 dehent
1427 1277 1500 1324 esse
1524 1260 1588 1337 ipsi
1613 1260 1729 1336 parati,
1747 1259 1779 1319 et

164 1352 231 1414 duo
245 1369 375 1430 semper
388 1355 516 1432 quando
535 1356 686 1417 dominus
710 1359 799 1432 Papa
814 1356 947 1432 equitat,
1000 1363 1157 1441 praedicta
1174 1361 1216 1424 ad
1230 1361 1348 1431 locum,
1375 1358 1431 1423 ubi
1445 1354 1650 1433 acceperunt,
1665 1367 1780 1432 repor-

163 1447 206 1508 ad
221 1449 381 1510 stationes
396 1449 513 1512 debent
529 1450 580 1511 ire
600 1466 674 1511 cum
688 1464 727 1512 eo
751 1450 791 1511 ad
806 1450 950 1510 secreta-
999 1457 1082 1518 tare.

164 1542 256 1603 rium
268 1543 528 1605 cuswdiessdumt
542 1545 621 1606 0th
633 1544 696 1617 die,
708 1545 826 1623 praeter
838 1560 949 1620 snpra·
1039 1553 1089 1613 46.
1110 1550 1296 1613 Notandum
1319 1549 1404 1627 quod
1430 1548 1576 1626 ipsarum
1595 1544 1780 1607 scholarum

163 1637 272 1700 dictos
306 1638 513 1715 quotidianos
547 1639 640 1711 duos,
675 1639 848 1701 comedunt
874 1654 948 1699 cum
1000 1658 1113 1704 omnes
1144 1642 1180 1701 in
1205 1641 1259 1702 die
1281 1640 1501 1702 coronationis
1528 1637 1645 1700 debent
1671 1649 1781 1699 come-

165 1731 299 1794 domino
312 1736 412 1808 Papa.
427 1733 697 1810 Quotiescumque
716 1735 824 1795 autem
838 1748 949 1795 oame-
999 1737 1076 1798 dere
1103 1752 1177 1798 cnm
1199 1735 1290 1812 ipso:
1317 1734 1352 1794 in
1366 1733 1480 1794 diebus
1505 1747 1584 1793 vero
1603 1731 1779 1793 stationum

164 1826 277 1885 rarius
300 1827 396 1887 vocat
420 1835 487 1898 eoS,
516 1827 569 1887 uel
593 1828 719 1903 partem
742 1842 800 1903 pro
825 1826 947 1903 palatio
999 1834 1156 1909 cujusque
1178 1829 1299 1891 scholae
1321 1828 1467 1904 ipsorum
1492 1827 1643 1907 quatuor,
1673 1837 1779 1900 neque

161 1919 388 1993 custodiendo,
405 1921 522 1983 debent
545 1922 658 1982 venire
684 1921 801 1983 vocati.
829 1923 947 1983 Omnes
998 1927 1119 2002 plures.
1144 1923 1278 1997 Quando
1303 1922 1423 2000 aliquis
1451 1921 1662 1983 consecratur
1686 1916 1781 1979 ado-

161 2013 302 2091 insuper
315 2014 444 2076 domino
468 2016 695 2092 Papaedebent
710 2018 835 2093 jurare,
851 2018 948 2093 prout
998 2022 1087 2083 mino
1116 2023 1217 2097 Papa,
1241 2018 1374 2095 propter
1404 2016 1573 2078 servitium
1613 2012 1698 2092 quod
1727 2012 1780 2073 ei-

160 2109 304 2170 inferius
316 2109 517 2171 describetur
528 2112 667 2188 plonius.
684 2111 758 2172 Istis
770 2112 879 2173 autem
890 2126 948 2172 oa·
999 2116 1071 2177 dem
1090 2114 1278 2178 consecrato
1296 2111 1468 2182 exhibent,
1506 2109 1624 2171 debent
1660 2106 1782 2170 habere
1871 2137 1874 2143 ν

160 2206 327 2265 merarius
341 2206 377 2266 in
399 2205 481 2267 sesto
506 2207 643 2267 Paschae
669 2222 769 2267 unam
792 2206 949 2282 pecudem
1000 2226 1095 2271 suum
1126 2208 1269 2286 pluviale
1291 2208 1325 2267 et
1345 2205 1465 2265 bacilia
1489 2205 1586 2283 atqua
1611 2203 1780 2264 toaleam:

158 2299 262 2361 debet
274 2299 365 2371 dare,
378 2301 411 2361 et
432 2301 467 2361 in
490 2300 573 2362 testo
604 2301 795 2362 Natiuitatis
819 2299 949 2360 Domini
1001 2305 1058 2364 sed
1084 2303 1125 2364 de
1151 2300 1311 2363 bacilibus
1339 2300 1436 2378 atque
1468 2298 1576 2360 toalea
1601 2298 1638 2359 dt
1664 2295 1782 2359 divisio

158 2394 371 2470 porcastrum
383 2410 496 2455 unum.
509 2395 697 2455 Notandum
706 2393 875 2471 veroquod
887 2394 951 2470 ipsi
1001 2399 1087 2460 inter
1103 2398 1193 2473 ipsos
1224 2396 1258 2459 et
1289 2384 1467 2472 acolythos.
1501 2394 1541 2454 Et
1563 2392 1640 2470 quia
1665 2391 1782 2453 uldeba

158 2488 285 2549 debent
298 2487 408 2549 iacere
419 2504 532 2548 omues
545 2488 672 2564 palmas
684 2486 856 2560 olivarum,
870 2503 951 2565 quas
1000 2494 1055 2554 tur
1080 2506 1181 2567 graue
1208 2490 1400 2552 consecrato
1424 2488 1504 2549 dare
1523 2487 1605 2564 ipsis
1626 2485 1780 2564 pluviale,

158 2584 198 2643 in
210 2582 386 2643 Dominica
399 2580 583 2658 palmarum
608 2581 760 2643 dominus
782 2585 871 2658 Papa
895 2582 951 2644 dat
1000 2582 1783 2660 camerariusiaciteisdemprouideridepecunia

159 2676 289 2754 populo
300 2678 459 2749 Romano,
472 2676 507 2738 et
517 2675 635 2738 debent
642 2677 817 2752 portarein
827 2677 949 2754 palatio
1000 2681 1220 2743 aconsecrato
1226 2680 1327 2759 juxta
1342 2677 1531 2758 qualitatem
1551 2679 1583 2739 et
1595 2676 1783 2739 facultatem

155 2770 242 2831 ante
257 2784 431 2841 cameram,
448 2771 481 2831 et
492 2770 567 2846 post
577 2770 743 2831 dominum
758 2773 880 2849 Papam
893 2789 950 2833 us-
999 2778 1103 2855 ipsins
1115 2798 1123 2837 z
1134 2777 1167 2838 et
1176 2778 1409 2853 cujuscumque
1419 2774 1540 2835 scholae
1550 2773 1614 2834 duo
1625 2789 1698 2834 oum
1709 2773 1782 2849 ipso

159 2879 227 2941 que
253 2861 295 2923 ad
331 2862 515 2925 ecclesiam.
545 2862 720 2926 Sciendum
743 2881 833 2939 uero,
862 2867 948 2945 quod
1000 2871 1173 2934 comedunt
1186 2871 1387 2943 consecrato,
1404 2870 1438 2930 et
1452 2885 1526 2932 cum
1545 2868 1677 2930 domiuo
1692 2871 1782 2943 Papa

156 2957 295 3036 quando
308 2956 458 3018 dominus
473 2961 564 3035 Papa
583 2975 650 3020 non
673 2960 723 3024 est
736 2961 771 3022 in
784 2960 875 3034 urbe,
889 2979 948 3040 pro
999 2968 1119 3040 nullus,
1135 2966 1165 3028 si
1179 2964 1421 3028 consecraverit
1442 2964 1477 3025 in
1496 2963 1641 3040 capella:
1664 2963 1783 3023 sivero

161 3051 378 3115 custodiendo
391 3052 513 3130 palatio
527 3053 694 3117 debent12
704 3055 778 3116 den.
794 3057 946 3133 Papieus.
999 3066 1093 3126 extra
1114 3061 1365 3133 consecraverit,
1398 3062 1631 3137 cujuscumque
1661 3055 1783 3118 scholae

162 3149 203 3211 ad
217 3147 324 3210 altare
338 3147 444 3210 sancti
455 3149 544 3212 Petri
558 3149 594 3212 in
616 3166 811 3230 unaquaque
825 3151 949 3215 hebdo-
1000 3159 1064 3220 duo
1078 3156 1250 3220 comedant
1263 3171 1338 3218 cum
1349 3154 1480 3216 domino
1490 3156 1591 3229 Papa.
1609 3150 1784 3213 Sciendum

161 3243 261 3304 mada
273 3241 406 3305 habere»
999 3252 1110 3315 tamen
1130 3250 1227 3329 quod,
1248 3264 1321 3326 quae
1338 3263 1437 3325 supra
1452 3247 1538 3307 dicta
1553 3246 1639 3317 sunt,
1666 3243 1785 3305 debent

326 3392 615 3466 muse
629 3394 664 3456 a
677 3397 908 3467 aaa„
1001 3341 1582 3515 latitamuauuuc
1595 3336 1784 3493 ulau

189 3535 693 3613 ldappulariiatquecubioularii
701 3538 951 3602 unumiereoifl·
1002 3532 1126 3604 urbem,
1135 3529 1342 3620 'camerarius
1368 3528 1423 3590 dat
1436 3528 1469 3589 et
1492 3526 1572 3589 iacit
1592 3542 1667 3588 eurn
1681 3524 1785 3587 adex·
1833 3550 1839 3555 ·

164 3627 251 3689 cium
258 3631 460 3703 exercentes,
470 3631 756 3707 quandodominus
764 3635 853 3710 Papa
861 3650 951 3697 coro
1001 3629 1090 3691 trare
1106 3625 1284 3688 secundum
1298 3639 1391 3686 suam
1417 3622 1639 3686 voluntatem:
1667 3621 1784 3683 ettam

161 3724 271 3796 natur,
280 3724 313 3786 et
324 3725 359 3785 in
371 3726 950 3792 stationibnsomnibusdebeutacce-
1001 3723 1065 3800 ipsi
1079 3737 1177 3800 quam
1192 3720 1417 3782 adextratores
1432 3717 1559 3792 debent,
1584 3734 1657 3780 cum
1672 3717 1784 3794 requi-

164 3815 239 3878 dere
251 3819 293 3879 ad
304 3821 463 3896 palatium
471 3820 598 3883 domini
610 3824 709 3899 Papae
724 3843 732 3882 z
746 3823 779 3884 et
790 3823 949 3901 accipian·
1001 3818 1057 3880 siti
1070 3815 1202 3888 suerint,
1223 3818 1338 3893 jurare
1354 3814 1486 3876 domino
1509 3817 1618 3890 Papae.
1645 3813 1708 3875 Sed
1722 3828 1784 3874 no-

163 3912 210 3972 tes
219 3914 398 3989 carpetam,
409 3915 787 3993 tapetumiatestorium,
796 3918 949 3994 pulvinar
999 3909 1680 3990 tandumquodsiiorte,quandodominus
1693 3911 1784 3985 Papa

165 4006 196 4068 et
203 4009 382 4084 predelam,
396 4009 514 4073 debent
519 4011 650 4088 portare
659 4011 700 4073 ad
713 4012 946 4090 equitaturam:
1000 4008 1095 4070 estin
1109 4005 1298 4077 secretario,
1312 4005 1345 4067 et
1356 4005 1429 4080 post
1440 4005 1573 4064 missam
1586 4002 1783 4064 celebratam

165 4118 233 4177 quae
250 4105 361 4166 omnia
376 4106 439 4167 ista
453 4105 571 4168 debent
584 4107 716 4183 portare
728 4123 802 4169 cum
817 4109 948 4171 scriniis
1001 4102 1124 4178 aliquid
1139 4100 1238 4162 itrerit
1251 4099 1389 4177 pedibus
1412 4100 1510 4174 Papae
1524 4096 1679 4168 oblatum,
1692 4096 1784 4174 ipso-

165 4198 298 4275 capellae
313 4199 653 4262 ductaamarescallis
662 4202 946 4278 usqueadloeum,
1000 4213 1074 4257 rum
1087 4195 1191 4256 cstds
1211 4196 1299 4271 jure,
1329 4194 1406 4254 auto
1433 4192 1569 4269 excepto
1593 4192 1625 4252 et
1647 4192 1783 4268 argento

166 4290 315 4370 adquam
328 4294 478 4356 dominns
497 4299 587 4372 Papa
605 4296 774 4373 proposuit
787 4297 946 4374 equitare.
1000 4288 1158 4360 laborato,
1183 4303 1310 4365 Passssffl
1337 4287 1436 4348 tilam
1463 4302 1522 4347 ⁸⁰11
1546 4285 1681 4357 toaleas,
1710 4301 1784 4362 (1¹1ae

166 4387 242 4448 Cum
255 4389 364 4451 autem
376 4390 423 4450 ibi
436 4390 562 4466 capella
576 4391 760 4467 deponitur,
783 4392 948 4467 praedictae
1001 4381 1194 4447 omniasussi
1205 4382 1246 4442 (Ιθ
1258 4396 1399 4452 camera,
1414 4380 1552 4455 0¹⁰⁰Pt⁸
1565 4379 1694 4439 r⁸fi0ss0
1708 4379 1785 4453 8Ἠὶ-

169 4482 285 4546 scholae
298 4484 416 4547 debent
428 4484 600 4557 interesse,
614 4485 648 4547 et
669 4485 790 4556 omnia,
804 4500 877 4562 quae
891 4502 950 4547 su·
1000 4479 1121 4539 donum
1147 4475 1280 4545 schola,
1307 4489 1405 4549 quam
1438 4473 1534 4533 debet
1555 4470 1688 4531 habere.
1714 4473 1784 4533 Hoc

171 4578 400 4653 prediximus,
427 4579 589 4655 accipere,
618 4578 704 4640 sicut
726 4578 828 4655 priua,
856 4579 948 4642 etad
1000 4571 1172 4633 idemdioo
1195 4569 1235 4629 de
1249 4564 1521 4628 adextratoribus.
1547 4564 1680 4635 Quodsi
1701 4564 1785 4628 sorte

168 4675 377 4737 secretarium
399 4675 582 4752 deportare.
615 4671 678 4734 Ubi
698 4687 774 4734 oum
798 4672 949 4736 dominus
1001 4664 1136 4742 aliquid,
1148 4662 1279 4741 quando
1289 4660 1462 4722 adextrant
1471 4659 1638 4721 dominum
1648 4662 1781 4738 Papam,

171 4769 253 4845 Papa
267 4770 361 4832 exuit
371 4769 517 4832 mantum
526 4770 559 4830 et
569 4767 687 4829 stolam
698 4768 796 4845 atque
805 4767 946 4840 mitram,
1001 4776 1041 4822 ac
1058 4759 1157 4837 pedes
1182 4758 1287 4834 ipsius
1305 4770 1364 4833 per
1390 4755 1478 4816 riam
1503 4753 1647 4816 oblatum
1673 4754 1782 4829 merit,

170 4861 292 4937 debent,
301 4865 404 4926 donec
413 4863 558 4926 officium
565 4862 759 4934 celebratur,
771 4861 949 4924 studiosius
1000 4855 1134 4917 illorum
1148 4851 1243 4914 debet
1259 4866 1342 4922 esse,
1361 4849 1508 4926 exceptis
1524 4849 1700 4925 praedictis.
1713 4853 1783 4913 Hoc

170 4958 338 5020 custodire.
353 4959 433 5021 Item
443 4958 542 5019 etiam
554 4957 719 5033 carpetam
731 4957 763 5018 et
771 4956 837 5017 alia
849 4972 948 5033 supra
1000 4949 1122 5020 addito,
1149 4946 1234 5025 quod
1259 4945 1327 5008 tam
1356 4943 1469 5006 schola
1504 4945 1783 5021 mappulariorum

171 5051 252 5115 dicta
265 5053 383 5114 debent
396 5050 950 5129 usqueadaltareafferre,iaoien·
1000 5045 1034 5105 et
1066 5039 1371 5110 cubiculariorium,
1398 5053 1496 5115 quam
1525 5037 1781 5112 adextratorum,

170 5147 216 5207 tes
234 5147 352 5208 coelum
374 5146 415 5208 de
435 5146 575 5222 quadam
602 5159 705 5221 cappa
727 5160 827 5220 super
852 5146 950 5224 caput
1000 5137 1130 5216 <111de
1153 5135 1304 5197 dominus
1325 5136 1415 5209 Papa
1438 5133 1563 5210 equitat
1576 5133 1617 5194 ad
1640 5134 1784 5210 aliquam
1812 5192 1815 5207 ,

172 5240 290 5303 domiui
300 5241 416 5318 ipsius.
432 5240 569 5302 Portant
578 5254 654 5300 eum
667 5239 716 5301 sic
731 5237 817 5301 :duo
832 5239 874 5300 ab
887 5255 951 5302 an-
1000 5231 1173 5294 ecclesiam
1187 5228 1244 5291 ubi
1255 5229 1369 5292 eadem
1383 5227 1436 5289 die
1448 5243 1513 5289 non
1525 5229 1575 5289 est
1589 5227 1697 5298 statio,
1709 5243 1783 5290 curn

172 5337 281 5399 teriori
293 5336 397 5413 parte,
410 5332 755 5409 duoqueaposterlori
768 5332 948 5408 ligatamln
1000 5327 1115 5390 eodem
1128 5325 1261 5387 domino
1286 5323 1457 5385 comedere
1480 5336 1545 5382 non
1568 5319 1696 5390 debent,
1723 5336 1783 5383 neo

173 5430 354 5511 ,ommate
367 5428 506 5509 quatuor
518 5426 720 5493 bacrdorum.
735 5427 768 5491 et
779 5427 947 5494 extensam
1001 5420 1144 5485 officium
1158 5418 1289 5499 aliquod
1313 5430 1478 5480 exercere.
1507 5412 1684 5473 sciendum
1698 5415 1783 5494 quod
