3952 6188
106 234 177 298 ‘765
539 231 584 300 IN
606 230 945 308 otmossaehsmn.
968 231 1174 294 DOMINICA
1194 230 1338 295 PRIMA.
1699 241 1761 303 766

120 391 185 455 alia
199 388 376 470 purpurea,
392 391 460 454 alla
471 391 591 454 lactea.
610 388 801 469 sanguinea
813 391 911 453 estin
967 393 1070 454 Sacra
1085 392 1256 469 Scriptura
1277 384 1444 455 illuminat
1464 389 1565 456 corda
1581 392 1697 456 nostra
1717 396 1760 458 ad

119 489 319 565 martyribus
337 489 395 566 qui
409 490 620 565 insanguine
634 488 720 565 Agrii
735 502 911 565 corporum
965 490 1055 551 recte
1071 489 1335 565 intelligendum,
1358 495 1392 552 et
1414 490 1566 553 accendit
1579 491 1621 553 ad
1635 490 1759 555 bonum

120 602 252 649 suorum
263 587 456 648 indumenta
467 586 622 648 lavarunt
636 589 669 647 et
680 602 740 663 per
753 586 927 646 itermars
967 586 1181 663 operandum.
1196 587 1366 649 illuminat
1383 588 1424 649 ad
1439 589 1623 662 scientiam,
1638 605 1760 651 accen-

117 683 196 761 tyrii
217 684 464 760 triumphantes
482 682 668 747 altitudinis
688 682 807 745 solium
833 680 913 742 atti·
966 682 1062 743 ditad
1075 682 1282 745 charitatem.
1292 684 1471 758 illuminat,
1481 687 1518 748 ut
1527 703 1600 764 quae
1609 686 1762 749 facienda

116 780 248 856 'gerunt
273 783 445 857 Purpurea
465 781 516 842 est
535 780 571 840 in
589 779 834 841 consessoribus
856 777 912 855 qui
967 781 1054 847 sunt,
1070 785 1326 857 cognoscamus3
1343 782 1504 856 accendit,
1524 786 1561 846 ut
1578 785 1665 845 hona
1687 800 1761 861 quae

120 878 152 939 in
166 892 227 938 sua
243 893 343 939 carne
366 877 509 955 vestigia
527 877 648 940 divinae
668 875 834 954 passionis
853 890 913 951 per
966 878 1197 953 cognoscimus
1225 876 1399 939 faciamus.
1432 881 1637 943 Vestimenta
1665 882 1762 944 extra

119 973 352 1036 abstinentiam
373 976 618 1051 expresserunt,
640 975 673 1036 et
686 974 721 1033 in
743 973 813 1033 suis
832 988 911 1033 cor·
966 974 1117 1036 homines
1140 974 1227 1047 sunt,
1245 964 1330 1052 quae,
1347 976 1376 1035 si
1389 962 1531 1053 pulchra
1546 978 1625 1051 sint,
1651 978 1762 1041 homi-

118 1070 251 1149 poribus
274 1072 450 1133 uulnerum
469 1072 593 1133 Christi
616 1070 772 1146 stigmata
794 1070 911 1146 porta·
967 1088 1043 1133 nem
1064 1072 1243 1149 plurimum
1265 1074 1439 1135 exornant.
1473 1075 1550 1135 Ideo
1570 1091 1630 1152 per
1651 1076 1761 1137 uesti-

117 1171 247 1230 rerunt.
271 1171 393 1231 Lactea
411 1170 461 1230 est
475 1168 710 1244 inuirplnibus
728 1182 802 1245 quae
818 1165 854 1226 in
875 1181 912 1226 se
967 1147 1079 1231 menta
1101 1170 1225 1232 Christi
1253 1184 1361 1231 sermo
1394 1171 1528 1232 divinus
1554 1172 1588 1233 et
1610 1171 1762 1234 doctrina

115 1267 198 1344 ipsis
215 1266 371 1343 puritatis
385 1266 547 1342 angelicae
566 1265 778 1326 candidatum
796 1264 830 1325 et
842 1263 914 1323 rir-
967 1258 1222 1344 praedicatorum
1237 1254 1445 1343 intelligitur.
1460 1268 1523 1340 Qui
1535 1268 1693 1329 nimirum
1707 1285 1764 1330 ex·

124 1364 208 1427 tutes
241 1363 469 1425 sanctimoniae
500 1356 758 1434 consecrarunt,
795 1361 828 1423 et
851 1375 913 1437 per
966 1364 1018 1425 tra
1034 1364 1201 1425 hominem
1222 1365 1282 1436 est,
1297 1364 1462 1442 quandoa
1478 1366 1697 1442 praedicatore
1721 1366 1763 1427 ad

118 1463 205 1522 riam
231 1459 404 1522 munditiae
429 1459 471 1521 ad
485 1458 667 1536 ‘amplexus
693 1460 725 1520 et
746 1456 912 1519 thalamos
967 1461 1124 1537 populum
1152 1460 1328 1537 profertur,
1357 1464 1390 1523 et
1413 1463 1442 1523 si
1465 1463 1635 1539 speciosus
1649 1461 1761 1535 luerit,

118 1558 188 1621 reri
202 1558 318 1635 sponsi
329 1557 489 1618 virtutum
508 1556 627 1633 pennis
641 1556 784 1617 feliciter
800 1554 914 1616 'erola-
957 1557 1062 1630 ‘idest
1079 1548 1261 1635 ¹composite
1275 1559 1309 1620 et
1331 1558 1484 1619 distincte
1501 1558 1649 1635 prolatus
1671 1575 1764 1621 more

116 1657 249 1718 verunt.
275 1654 376 1717 Recte
395 1670 474 1731 ergo
492 1654 565 1715 haec
576 1652 828 1729 transfiguratio
840 1651 914 1728 post
963 1654 1182 1715 vestinorum
1209 1654 1431 1730 proterentem
1457 1654 1637 1731 plurimum
1662 1670 1765 1716 exor-

119 1751 188 1815 dies
209 1766 271 1815 sex
290 1750 377 1814 facta
401 1748 686 1820 luisse-narratur,
703 1751 781 1827 quia
801 1750 912 1810 lutura
967 1751 1036 1811 nat.
1074 1751 1167 1811 Unde
1202 1751 1479 1813 Ecclesiasticus:
1515 1752 1765 1813 Ornamentum

108 1851 317 1926 fglorlhcatio
336 1850 539 1927 promittitur
552 1850 587 1910 in
602 1849 749 1926 requiem
765 1846 841 1924 post
861 1845 914 1906 la·
964 1851 1131 1922 praecoci
1144 1849 1303 1909 marnac
1316 1846 1420 1926 (Ecol.
1433 1862 1506 1920 xxi,
1521 1847 1587 1926 24).
1601 1851 1681 1909 Haec
1694 1863 1762 1908 au-

118 1946 241 2009 borem.
265 1942 404 2009 Multum
430 1956 509 2022 ergo
528 1944 720 2007 desiderare
742 1943 910 2013 dehemus,
969 1947 1033 2005 tem
1051 1945 1259 2017 vestimenta,
1283 1944 1379 2016 idest,
1403 1945 1515 2006 divina
1535 1943 1667 2021 eloquia
1687 1944 1766 2006 sunt

118 2045 155 2106 ut
176 2046 213 2105 hi
233 2060 295 2107 sex
313 2040 384 2106 dies
405 2038 602 2115 transeant,¹
618 2043 780 2120 quatenus
797 2031 913 2115 regem
968 2042 1043 2102 allia
1058 2042 1145 2102 sicut
1158 2042 1228 2102 nix.
1247 2043 1316 2102 Nix
1333 2042 1399 2103 tria
1414 2041 1533 2103 habet:
1550 2042 1591 2101 do
1608 2041 1691 2102 coelo
1704 2057 1766 2102 ve-

118 2137 289 2216 nostrum,
326 2140 422 2214 idest,
453 2140 619 2202 Christum
646 2140 682 2199 in
708 2153 768 2198 suo
794 2128 913 2197 decere
967 2139 1027 2209 uit,
1045 2138 1121 2199 alha
1136 2140 1196 2211 est,
1212 2139 1245 2200 et
1254 2138 1387 2213 frigida.
1403 2136 1458 2200 Sic
1468 2140 1501 2201 et
1513 2154 1621 2199 sermo
1631 2138 1765 2199 divinus

110 2252 255 2317 suaeque
278 2237 461 2316 majestatis
489 2237 603 2311 gloria·
620 2235 803 2305 videamus,
829 2232 915 2293 sicut
969 2234 1180 2312 praedicatori
1201 2251 1221 2296 a
1245 2235 1385 2297 Domino
1409 2236 1517 2308 datur,
1534 2235 1591 2313 qui
1604 2235 1764 2297 candidus

107 2337 202 2398 dicit
211 2335 316 2397 isaias
329 2357 336 2395 ι
354 2320 912 2410 sepemrcoecorcmooaoehom,
969 2348 1043 2393 esse
1058 2331 1165 2404 dehet,
1181 2334 1218 2394 ut
1228 2332 1355 2393 nullam
1370 2333 1607 2408 nigritudinem
1623 2332 1761 2401 erroris,

104 2434 154 2497 -et
169 2430 305 2494 terram
316 2434 360 2492 rte
371 2426 469 2505 compe
482 2429 624 2491 cernant
639 2426 696 2507 (Is.
710 2414 911 2505 xxxnrjlit
969 2428 1159 2506 nullamque
1179 2429 1344 2490 maculam
1369 2416 1535 2506 superbiae
1550 2430 1585 2490 in
1600 2428 1762 2490 sehabet.

160 2528 331 2600 Quomodo
343 2529 453 2589 autem
470 2526 615 2603 seipsum
629 2518 790 2585 Dominus
800 2524 914 2584 trans·
968 2526 1072 2587 hehet
1092 2526 1365 2603 essa-ethigidus
1380 2526 1479 2588 homo
1494 2528 1550 2604 qui
1564 2525 1765 2588 naturaliter

118 2624 338 2701 figura-veriti
360 2623 571 2699 Evangelista
590 2621 744 2689 ostendit,
764 2632 839 2681 oum
863 2619 916 2679 di·
968 2618 1109 2698 frigidus
1123 2626 1184 2696 est,
1201 2624 1312 2685 castus
1327 2639 1401 2685 esse
1415 2624 1510 2685 solet.
1539 2624 1594 2685 sio
1606 2624 1640 2684 et
1654 2636 1764 2683 sermo

118 2724 189 2785 cit:
212 2722 259 2784 at
278 2721 490 2796 resplenduit
510 2722 621 2795 'factm
648 2717 912 2791 crocitantem,
958 2720 1104 2782 divinus
1117 2736 1156 2782 se
1175 2720 1397 2798 proferentem
1413 2722 1447 2781 ct
1469 2736 1505 2781 se
1527 2720 1764 2796 suscipientem

117 2821 326 2881 aestimante
340 2819 458 2880 autem
472 2820 547 2890 ajars
562 2815 748 2892 factasunt
761 2817 836 2877 otho
853 2824 915 2875 oe-
961 2817 1095 2875 castum
1130 2815 1282 2876 redderes
1300 2815 1393 2876 solet.
1435 2814 1528 2876 Unde
1562 2813 1763 2875 Psalmista:

117 2919 168 2979 lut
183 2920 248 2977 nix
263 2914 393 2995 (Matth.
412 2928 495 2987 xvn,
511 2912 557 2993 2).
585 2916 650 2975 Per
670 2912 788 2974 faciem
815 2902 932 2972 homo·
967 2908 1111 2985 Eloquia
1130 2915 1271 2973 Domini
1292 2915 1425 2985 eloquio
1442 2912 1539 2983 costo
1563 2913 1631 2992 (Ps.
1655 2911 1704 2981 11,
1729 2906 1764 2987 7)

117 3006 350 3089 cognoscitur:
364 3002 487 3073 Facies
511 3002 583 3088 ejus
609 3024 683 3087 qum
707 2996 915 3086 'resplenduit
967 3008 1204 3086 pereliectum,
1219 3009 1297 3086 quia
1312 3008 1439 3069 faciunt
1453 3008 1592 3067 castum.
1661 3038 1677 3046 -»

117 3111 206 3172 sicut
224 3109 285 3183 sol,
307 3102 475 3186 significat
494 3108 681 3170 claritatem
704 3108 911 3169 Sanctorum
1007 3106 1187 3167 Videamus
1209 3106 1295 3181 quod
1315 3105 1352 3164 in
1372 3096 1667 3178 transfiguratione
1689 3096 1764 3160 dic-

103 3208 214 3271 ·Unde
242 3206 402 3269 Dominus
432 3208 469 3267 in
497 3204 676 3279 Evangelio
694 3225 702 3264 a
724 3202 915 3277 ratpotoni
969 3202 1038 3264 tum
1060 3202 1114 3263 sit.
1136 3204 1268 3278 Moyses
1291 3202 1325 3263 et
1347 3201 1456 3262 Eelias
1476 3201 1533 3277 qui
1555 3200 1634 3261 tuuc
1659 3211 1766 3274 appa-

110 3306 201 3378 amri
214 3306 363 3366 sicessos
377 3307 414 3363 tra
429 3316 537 3377 repro
550 3302 672 3361 Patris
691 3297 822 3378 (Matth.
836 3308 912 3367 amn,
954 3300 1122 3370 ruerunt,
1144 3297 1298 3360 dicebant
1319 3284 1494 3360 excessum
1518 3294 1641 3357 Christi
1667 3309 1765 3372 quem

117 3399 182 3481 43),
198 3400 276 3477 quia
289 3399 383 3461 tanta
398 3390 463 3458 erit
476 3396 613 3457 claritas
632 3384 829 3455 Sanctorum
841 3394 916 3468 post
969 3394 1193 3471 completurus
1217 3396 1289 3455 erat
1308 3396 1346 3456 in
1368 3394 1571 3466 Jerusalem,
1600 3391 1686 3454 sicut
1713 3391 1767 3452 di-

116 3490 408 3566 resurreotionem‚
438 3484 560 3570 quanta
586 3490 648 3552 fuit
662 3488 859 3567 glorificatio
880 3488 915 3548 in
965 3492 1015 3553 cit
1039 3493 1163 3564 Lucas,
1192 3494 1312 3554 Petrus
1339 3492 1476 3569 inquit:
1503 3492 1689 3552 Faciamus
1712 3492 1767 3552 mc

108 3586 424 3667 transfiguratione.
453 3587 658 3650 Vestimenta
690 3584 815 3647 Christi
841 3586 933 3663 quae'
967 3590 1041 3650 trio
1063 3590 1292 3661 tabernaculo,
1312 3590 1372 3650 tcht
1386 3603 1511 3661 naum,
1528 3590 1640 3662 Moysi
1657 3602 1768 3648 unum

117 3688 254 3751 fuerunt
267 3686 408 3749 candida
422 3685 526 3747 veluti
541 3685 612 3757 nix,
632 3680 822 3759 significant
840 3696 916 3742 cor-
969 3687 1004 3748 ct
1026 3689 1113 3747 Mica
1132 3700 1242 3747 upum
1269 3680 1401 3765 (Matth.
1425 3700 1507 3757 xvn,
1530 3682 1575 3764 4)
1601 3684 1701 3745 Pater
1725 3683 1767 3745 de

117 3800 197 3862 pora
204 3782 554 3863 justorumquaeerunt
562 3780 683 3841 munda
694 3777 736 3840 ab
746 3778 916 3854 omnipec-
970 3776 1059 3843 nube
1076 3782 1232 3844 intonans
1252 3783 1362 3845 dixit:
1382 3786 1450 3845 Hic
1470 3782 1523 3844 cst
1540 3785 1650 3843 Filius
1668 3796 1767 3844 nicus

114 3884 246 3956 &aimei
263 3881 305 3943 ab
318 3881 408 3942 omni
428 3878 651 3956 corruptione.
668 3880 773 3938 Porro
789 3874 915 3953 quanta
969 3881 1110 3943 auectus
1123 3884 1161 3942 tn
1176 3894 1242 3955 quo
1260 3884 1346 3944 mint
1362 3883 1445 3943 oeae
1458 3881 1648 3955 cmoptomr
1666 3875 1765 3956 (ibid.

121 3979 308 4042 differentia
323 3978 375 4039 est
395 3977 485 4039 inter
498 3974 684 4037 claritatem
701 3972 792 4045 solis,
807 3973 842 4034 et
857 3972 914 4032 ni·
963 3993 1051 4050 ¹xvn,
1068 3975 1114 4058 5).
1682 3996 1687 4006 ¹

119 4078 169 4139 ais
195 4075 384 4147 candorem,
406 4074 499 4135 tanta
526 4073 578 4135 est
612 4068 802 4132 differentia
818 4064 915 4131 'inter
1010 4075 1160 4151 Quinque
1175 4073 1286 4134 autem
1306 4089 1349 4135 ex
1368 4073 1479 4134 causis
1499 4070 1656 4149 apparuit
1668 4072 1767 4133 lesus

121 4175 262 4250 gloriam
282 4172 400 4249 capitis
415 4171 449 4232 et
462 4168 739 4245 glorificationem
753 4166 916 4226 membro·
970 4166 1225 4246 transfiguratus
1246 4171 1281 4231 in
1304 4156 1417 4231 medio
1445 4156 1572 4245 Moysis
1596 4169 1630 4229 et
1648 4166 1765 4226 Heliae.

118 4284 204 4332 rum.
218 4268 310 4331 Talis
323 4284 405 4344 ergo
423 4264 680 4341 transfiguratus
692 4264 743 4325 est
756 4262 915 4322 Dominus
964 4268 1094 4339 Prima,
1116 4267 1194 4344 quia
1210 4265 1325 4327 Helias
1348 4265 1445 4326 vivus
1468 4265 1502 4326 et
1520 4266 1653 4339 Moyses
1674 4276 1768 4322 mor-

109 4382 234 4429 ucoram
247 4364 426 4443 Discipulis
439 4362 510 4424 suis
524 4362 560 4422 in
575 4358 703 4432 monte,
719 4359 828 4436 qualis
843 4358 917 4435 post
969 4365 1047 4427 tuus
1061 4364 1131 4425 est:
1148 4364 1184 4424 ut
1198 4361 1386 4424 ostenderet
1400 4376 1436 4421 se
1448 4375 1522 4421 osse
1534 4358 1710 4420 Dominum
1721 4356 1770 4417 ri·

120 4463 207 4526 nanc
220 4463 324 4525 vitam
343 4462 379 4522 in
401 4474 505 4536 regno
525 4456 729 4520 succinctis
746 4454 915 4516 suisnde-
969 4477 1088 4524 rorum
1112 4460 1145 4522 et
1168 4458 1384 4529 mortuorum,
1405 4459 1438 4519 et
1462 4456 1599 4517 haberet
1612 4452 1768 4516 testimo·

122 4559 207 4622 hius
241 4558 425 4637 apparebit
463 4556 548 4629 Quia
577 4555 615 4617 ut
639 4553 816 4631 APOSlOlus
843 4552 914 4613 ait:
971 4574 1050 4620 num
1072 4556 1197 4619 ariris
1223 4556 1256 4617 et
1278 4571 1299 4616 a
1323 4554 1472 4617 mortuis.
1501 4552 1664 4621 secunda,
1689 4552 1770 4629 quia

119 4660 465 4730 Nuncoioemospcr
478 4657 653 4728 specuum
670 4655 707 4713 io
721 4650 915 4726 marmora,
971 4652 1062 4718 Elias
1074 4646 1125 4717 est
1139 4654 1174 4714 in
1188 4652 1355 4731 paradiso,
1373 4652 1406 4715 et
1417 4654 1549 4730 Moyses
1564 4651 1600 4712 in
1611 4653 1712 4723 terra,
1730 4650 1767 4713 ut
1886 4696 1891 4704 .

125 4754 201 4817 ‘ww
215 4754 334 4816 aulem
346 4753 536 4814 videbimus
549 4765 630 4812 cum
640 4751 728 4824 fatie
740 4750 919 4823 adsedem
971 4752 1111 4815 haberet
1126 4750 1353 4814 testimonium
1370 4765 1391 4811 a
1414 4749 1570 4828 paradiso
1586 4749 1620 4811 et
1633 4765 1653 4810 a
1665 4748 1766 4822 terra,

125 4848 153 4931 (Ι
178 4854 254 4913 Gor·
280 4866 355 4921 xm,
384 4846 447 4928 12)·
477 4848 518 4909 Et
540 4845 626 4909 ⁵101ss
651 4846 732 4907 dicit
750 4836 916 4908 Joanhest
973 4851 1006 4913 et
1019 4848 1208 4913 ostenderet
1227 4864 1264 4910 se
1288 4863 1362 4909 esse
1378 4848 1555 4909 Dominum
1570 4846 1646 4913 coeli
1659 4849 1692 4908 et
1705 4847 1771 4908 ter·

126 4951 209 5010 Com
231 4946 448 5023 ammittit,
474 4945 605 5006 similes
625 4945 658 5005 ei
675 4946 818 5014 erimus,
833 4956 920 5017 iuo-
972 4963 1031 5009 rae.
1047 4946 1170 5019 Tertia,
1194 4946 1273 5023 quia
1295 4947 1428 5023 Moyses
1451 4944 1514 5006 suit
1536 4943 1719 5021 legislator,
1735 4942 1769 5003 et

124 5037 916 5120 mmmdssbimttieumtmtl0⁸²(1J081h11122l
973 5043 1087 5107 Helias
1110 5042 1282 5122 propheta,
1314 5042 1351 5104 ut
1376 5042 1515 5104 haberet
1541 5038 1769 5102 testimonium

126 5143 196 5216 Vel,
211 5140 403 5220 misaelem
417 5138 540 5201 Christi
563 5139 667 5201 Sacra
681 5136 851 5214 Scriptura
865 5135 920 5195 in·
974 5158 994 5203 a
1015 5141 1089 5218 lege
1110 5126 1143 5203 et
1167 5140 1349 5218 prophetis,
1375 5140 1408 5202 et
1435 5135 1626 5201 ostenderet
1639 5150 1675 5195 se
1694 5148 1770 5195 esse

120 5236 286 5316 'tellissilur
302 5237 340 5297 1¹1
361 5250 428 5314 (1ΰᾶ
446 5235 480 5297 Ol
499 5251 561 5313 1³0¹*
581 5250 680 5313 quam
699 5234 759 5295 Dei
774 5232 919 5309 cognitio
973 5240 1149 5301 Dominum
1159 5239 1306 5299 omnium
1316 5238 1512 5314 temporum.
1529 5233 1611 5306 Quia
1619 5231 1684 5293 tria
1692 5230 1770 5293 sunt

127 5336 324 5397 insinuatur.
341 5335 421 5395 Haeo
435 5332 547 5395 autem
567 5332 681 5404 facies,
701 5331 799 5404 idest,
817 5332 920 5395 Sacra
973 5339 1140 5419 temp0m3
1165 5336 1309 5415 primum
1335 5335 1413 5396 ante
1438 5333 1556 5407 legem,
1587 5327 1769 5390 secundum

129 5433 298 5510 Scriptura
324 5429 515 5508 resplendet
547 5429 642 5490 nobis
665 5427 753 5489 sicut
780 5427 842 5502 sol;
870 5425 920 5487 sol
975 5434 1036 5497 suh
1061 5435 1146 5510 lege,
1171 5432 1205 5495 et
1226 5432 1360 5496 tertium
1389 5429 1449 5490 sub
1477 5426 1597 5503 gratia,
1626 5427 1769 5502 Tempus

127 5527 290 5593 enimdeo
305 5527 396 5600 iacit,
413 5526 580 5591 illuminat
594 5522 628 5588 et
640 5520 803 5589 calefacit.
821 5524 876 5588 Sic
888 5522 922 5586 et
974 5531 1052 5596 ante
1066 5530 1174 5608 legem
1189 5529 1264 5592 fluit
1273 5527 1315 5590 ab
1327 5522 1431 5589 idam
1446 5539 1551 5603 usque
1565 5523 1607 5586 ad
1619 5524 1767 5602 Moysen,
