3980 6198
204 281 262 343 187

242 519 357 585 uncto
368 516 402 578 et
417 511 467 594 (a)
479 511 599 575 Abbati
609 509 722 571 soracti
742 510 906 583 Zenonis,
920 508 953 570 ei

324 621 557 690 Constantino,
570 617 734 678 cormerico
751 618 873 677 Veron.

499 820 636 882 CAPUT
655 819 696 879 11.

242 983 400 1063 Exposita
419 978 514 1042 nohis
527 978 639 1040 dilecti
655 975 717 1038 tilii
732 966 933 1054 0.{Feltrent'
947 968 993 1051 (b)

201 1087 235 1147 et
260 1083 431 1145 Bollunen.
455 1075 501 1157 (c)
529 1075 625 1138 electi
650 1073 766 1153 petitio
794 1068 992 1140 continebat,

202 1181 288 1259 quod
319 1194 420 1257 quum
445 1190 581 1238 causam
610 1188 683 1251 quae
715 1171 803 1232 inter
830 1166 995 1246 quondam

201 1279 297 1341 honae
307 1274 475 1339 memoriae
485 1273 728 1333 antecessorem
741 1282 837 1327 suum
850 1281 893 1328 ex
901 1265 995 1343 parte

203 1392 281 1448 una,
297 1375 331 1436 et
345 1371 394 1452 (d)
410 1372 500 1432 cives
512 1367 704 1431 Tarsisinos
719 1381 762 1427 ex
784 1363 901 1435 altera,
926 1360 997 1423 dis-

201 1483 301 1545 trictu
315 1480 349 1541 et
361 1475 603 1556 jurisdictione,
620 1489 660 1534 ac
673 1471 774 1533 rebus
794 1468 871 1531 aliis
884 1468 996 1529 terte-

201 1579 308 1649 batur,
325 1590 385 1655 per
398 1573 596 1636 sententiam
609 1586 684 1641 ven,
708 1569 731 1630 i.
748 1567 855 1630 nostri
870 1563 917 1646 (e)
933 1567 996 1628 Os·

201 1675 319 1739 tiensis
353 1669 499 1750 episcopi
533 1670 612 1730 tunc
654 1665 855 1744 Apostolicae
878 1661 995 1724 ·Sedis

201 1772 313 1849 legati,
325 1769 425 1831 luerit
435 1767 623 1839 terminata,
638 1765 673 1827 et
686 1763 791 1841 ipsius
805 1760 995 1823 antecessor

200 1869 309 1942 electi,
321 1865 520 1944 adjudicata,
533 1862 596 1924 sibi
608 1877 668 1939 per
682 1860 827 1937 legatum
842 1856 992 1919 eumdem

200 1968 257 2028 diu
277 1963 414 2044 pacifice
440 1958 660 2039 possedisset;
680 1959 752 2035 ipse
775 1954 993 2018 nihilominus

200 2062 344 2133 tandem,
360 2058 581 2136 capitulorum
610 2070 745 2117 suorum
783 2068 934 2124 assensu,
957 2052 992 2112 in

199 2157 428 2238 prejudicium
463 2153 679 2217 ecclesiarum
719 2166 856 2213 suarum
892 2163 993 2226 super

199 2254 394 2335 quibusdam
406 2251 592 2324 discordiis,
609 2265 683 2327 quae
706 2247 786 2309 hinc
807 2246 884 2311 iude
899 2246 993 2308 vide-

197 2354 318 2417 bantur
345 2350 480 2422 exortae,
507 2348 544 2410 in
566 2345 711 2409 nobilem
738 2346 846 2407 virum
863 2342 907 2423 (f)
929 2342 992 2404 du-

198 2469 269 2515 cem
290 2450 490 2512 Venetorum
514 2447 673 2523 tanquam
687 2444 724 2505 in
738 2443 900 2505 arbitrum
916 2457 990 2503 oum

198 2550 291 2628 parte
306 2548 411 2610 altera
425 2542 661 2621 compromisit,
685 2541 742 2619 qui
757 2540 895 2603 veniens
910 2555 992 2600 con-

197 2649 250 2709 tra
262 2645 410 2708 eamdem
426 2640 624 2703 sententiam
638 2637 835 2701 auctoritate
849 2637 991 2714 Aposto-

198 2745 264 2807 lica
278 2741 517 2808 confirmatam,
535 2752 636 2814 super
655 2734 755 2797 rebus
773 2734 933 2814 judicatis
948 2734 989 2795 ab

197 2841 313 2903 eodem
325 2839 434 2914 legato
449 2836 608 2897 adversus
622 2832 799 2911 praedictas
817 2832 986 2903 ecclesias,

197 2937 352 3016 aeqrntate
362 2933 554 3013 postposita,
570 2931 720 3009 iniquum
730 2929 990 3008 arbihiumpro-

197 3032 369 3110 mulgavit
401 3030 494 3091 Licet
520 3027 631 3090 autem
659 3026 766 3088 eidem
794 3026 871 3087 duci
899 3026 990 3087 litte-

196 3146 253 3193 ras
268 3129 398 3191 nostrus
412 3125 612 3198 miserimus,
626 3126 663 3187 ut
674 3122 715 3185 ad
726 3122 987 3201 componendum

196 3228 284 3290 inter
297 3227 408 3304 partes
431 3223 585 3285 laborare
599 3221 742 3293 deberet,
760 3237 861 3299 quum
877 3221 988 3283 tarnim

196 3323 388 3388 intentionis
402 3322 523 3384 vestrae
546 3336 612 3381 non
626 3318 728 3382 suerit
746 3318 922 3381 immutare
936 3318 989 3397 ip-

196 3438 268 3483 sam
282 3420 490 3492 sententiam,
505 3418 559 3481 vel
574 3417 699 3495 sopitas
715 3432 775 3494 per
789 3432 863 3479 eam
875 3416 989 3495 queri-

93 3532 96 3538 ’
195 3520 325 3582 monias
339 3518 512 3588 suscitare,
529 3516 628 3578 diser.
643 3515 763 3577 vestrae
778 3514 985 3587 mandamus,

195 3618 358 3695 quatenus
376 3613 525 3693 praelatis
548 3612 668 3674 litteris
691 3626 758 3673 non
781 3594 988 3674 obstantibus

195 3713 353 3793 quidquid
367 3728 426 3789 per
443 3709 719 3789 praenominatum
742 3706 858 3770 ducem
873 3710 986 3772 contra

232 3867 275 3942 (n)
287 3868 390 3926 Abbati
407 3868 435 3925 s.
455 3865 586 3924 Zenonis.
607 3866 675 3924 ileo
699 3863 812 3922 abbatis
835 3863 928 3924 diesin
945 3874 989 3925 est

196 3942 224 4000 S.
241 3939 347 3999 Zenoni
359 3939 425 4006 civi,
440 3944 470 3993 et
478 3937 613 4019 episcopo
624 3936 786 4019 ⁴lieronensi
801 3935 990 4019 (cu'ushuhe-

196 4026 262 4069 mus
275 4008 506 4081 elegantissimas
533 4005 667 4063 homilias
687 4007 717 4062 iu
742 4006 845 4064 Btbltoi
879 4022 911 4064 co
930 4010 985 4065 Po·

196 4081 286 4153 iren)
299 4083 421 4139 Verouoe
463 4078 606 4146 retenturi,
632 4076 679 4133 coi
695 4076 823 4159 Pipinus,
843 4077 934 4137 Caroli
949 4081 986 4137 ll.

196 4150 426 4279 gliusntemplum
436 4093 586 4206 ‹fuodecim
596 4148 657 4205 suri
670 4146 749 4204 libus
761 4147 863 4205 annuis
874 4156 988 4207 auctum

217 4235 311 4279 roavr.
553 4249 556 4253 ·

234 4289 273 4364 (b)
289 4289 453 4346 Feiirensis.
472 4288 576 4357 Feltre,
596 4286 664 4345 urbs
686 4285 861 4346 nobilissima
880 4290 909 4347 in
924 4305 985 4349 me·

196 4360 251 4418 diis
263 4360 297 4419 ill
319 4359 392 4431 ihus,
412 4358 494 4417 cu‘us
516 4358 618 4416 incole
639 4358 743 4417 Fertlui
759 4358 857 4417 dictis
877 4362 985 4429 Plinio,

196 4375 328 4561 kiiignslgff,
347 4445 411 4504 cap.
430 4375 474 4501 li,
496 4429 679 4504 suffraganea
703 4429 873 4502 patriarche
897 4431 986 4504 Aqui·

238 4575 277 4647 (c)
296 4571 483 4629 Britonensis.
506 4570 599 4628 Cioito
617 4570 648 4626 ii
669 4570 782 4643 Belum,
816 4568 869 4628 sub
885 4562 988 4631 Veneti

197 4659 253 4718 otro
273 4658 309 4700 ue
324 4650 352 4700 et
365 4640 524 4716 patriarche
537 4641 721 4714 Aquileiensi.

233 4659 275 4787 (ιῆ
293 4714 371 4770 Cives
396 4713 567 4793 Tomisinos.
589 4711 764 4793 tamisium,
788 4710 909 4792 ifreoini,
934 4712 987 4769 sub

197 4785 316 4846 Venetis
326 4796 438 4909 pungne
450 4782 675 4853 etAqurlerensr3
691 4779 758 4863 urhs
772 4794 851 4836 mirre
862 4782 985 4862 untiqui-

198 4857 275 4923 tetis,
295 4868 360 4926 quse
409 4895 416 4908 .
442 4852 525 4909 Petro
545 4852 643 4908 liomae
657 4864 735 4907 cruor
752 4850 846 4919 affixo,
863 4866 925 4925 ejus
940 4867 987 4910 no

198 4927 268 4987 mini
283 4923 447 4996 primarium
463 4921 600 4993 templum
611 4919 725 4977 dicavit.

233 4994 271 5067 (e)
293 4993 427 5050 Ostiensis
445 4992 575 5062 episcopi.
599 4990 736 5063 hugolini
756 4986 792 5046 de
808 4990 918 5064 Signia,
935 5008 984 5050 co·

197 5066 274 5125 ruitis
288 5062 524 5135 Anagniecresti
540 5059 751 5119 ohlnnoceutio
761 5062 812 5131 lll,
822 5063 984 5132 aoncilii,

197 5143 261 5266 [ost
275 5133 432 5261 ³9⁰⁰}issm
447 5137 574 5189 nostrum
588 5129 718 5189 Pontifex
730 5132 804 5188 Max.
822 5131 881 5205 luit,
895 5132 987 5194 dictus

208 5212 252 5262 ‘re
274 5219 351 5261 onus
405 5245 412 5262 .

243 5219 273 5350 ὅ
282 5276 387 5332 Ducem
397 5274 573 5331 Venetorum.
590 5273 704 5330 Petrum
721 5271 810 5343 Zinni,
823 5272 924 5333 ducem
939 5276 985 5347 ol,

112 5384 119 5403 .
196 5363 244 5421 qur
259 5353 372 5473 ciffis
391 5343 442 5402 luit
456 5357 532 5401 auno
551 5343 629 5414 titt,
645 5349 674 5401 et
691 5343 760 5402 vixit
776 5358 866 5417 usque
881 5346 917 5404 ad
932 5362 983 5404 an·

194 5433 262 5477 oum
350 5460 356 5474 .

230 5486 427 5546 Adarbitrlum
438 5481 609 5541 servandum
618 5482 720 5542 dantur
729 5483 843 5543 obsides
854 5485 986 5561 horcon,

194 5558 270 5633 quod
282 5557 330 5630 jus
346 5556 527 5628 desumptum
547 5562 642 5612 estex
660 5556 749 5613 reteri
761 5556 825 5627 jure
840 5557 982 5616 Romano·

194 5645 268 5701 rum,
282 5642 339 5699 quo
354 5627 505 5699 pignorum
520 5625 584 5686 loro
598 5624 785 5696 habebantur,
804 5634 833 5682 et
848 5627 876 5683 in
886 5642 983 5688 eorum

724 270 884 346 QUINTA
904 268 1170 377 commo.
1200 268 1278 333 nin,
1300 270 1326 331 1.

1786 273 1846 333 188

1048 429 1154 508 ipsius
1191 429 1292 506 legati
1327 426 1524 492 sententiam
1547 428 1744 491 invenerih's
1769 445 1845 494 esse

1048 527 1182 600 iactum,
1199 527 1235 589 in
1258 527 1391 591 irritum
1404 526 1581 598 revocetis,
1603 526 1635 587 ei
1659 525 1844 590 districtius

1048 625 1247 699 inhibentes,
1259 640 1302 687 ne
1315 625 1455 688 ulterius
1464 625 1501 687 in
1512 625 1753 702 compromisso
1765 642 1844 703 pro-

1048 722 1154 794 cedat,
1166 722 1359 785 eteumdem
1369 723 1411 785 ad
1421 722 1664 786 restitutionem
1677 722 1842 796 obsidum,

1048 820 1267 898 etoutusdam
1288 820 1391 883 casui
1411 819 1587 883 occasione
1619 820 1727 898 ipsios
1751 837 1844 883 oom-

1049 918 1203 995 promissi
1217 917 1281 980 sibi
1306 918 1469 991 datorum,
1495 919 1532 980 ut
1545 918 1652 996 ipsius
1665 918 1841 981 arbitrium

1049 1016 1249 1087 servaretur,
1261 1031 1321 1093 per
1333 1030 1494 1078 censuras
1508 1015 1766 1088 ecclesiasticas,
1783 1033 1843 1095 ap-

1049 1113 1228 1191 pellatione
1241 1112 1434 1192 postposita,
1450 1112 1668 1191 compellatis.

1273 1346 1487 1437 TITULUS
1519 1348 1625 1437 XXV

1165 1514 1212 1563 nn
1232 1514 1432 1561 romrunnro
1454 1515 1634 1562 caumrn
1654 1497 1716 1580 (1).

1067 1644 1330 1714 Arettoiooono,
1361 1638 1395 1702 et
1427 1642 1596 1717 mouistro
1627 1645 1666 1703 G.
1695 1646 1820 1704 Tuticus.

1354 1748 1528 1809 canonico.

1330 1914 1503 1976 carot·
1535 1914 1563 1976 Ι.

1086 2054 1136 2115 Ex
1150 2052 1269 2116 litteris
1285 2055 1405 2116 vestris
1424 2052 1613 2132 accepimus
1627 2053 1728 2131 quod,
1743 2067 1843 2130 super

1047 2164 1148 2212 causa
1172 2167 1361 2225 usurarum,
1377 2151 1471 2214 robis
1491 2168 1551 2231 pro
1572 2154 1610 2214 G.
1635 2151 1676 2212 de
1701 2150 1843 2212 Rossuel

1046 2247 1161 2321 milite,
1174 2250 1289 2311 contra
1299 2252 1335 2311 Ε.
1351 2249 1392 2310 de
1402 2249 1537 2328 Espinal
1551 2249 1701 2320 militem,
1710 2247 1840 2310 Tullen.

1046 2344 1209 2419 dioecesis,
1225 2346 1268 2408 ab
1277 2347 1467 2424 Apostolica
1480 2346 1564 2409 Sede
1578 2346 1767 2419 commissa,
1776 2361 1841 2406 non

1045 2443 1151 2521 potuit
1173 2442 1267 2506 robis
1290 2459 1350 2522 per
1371 2445 1474 2509 testes
1497 2443 1539 2506 ab
1563 2445 1669 2523 ipsius
1693 2447 1731 2505 G.
1748 2443 1841 2520 parte

1044 2541 1220 2618 productos
1235 2541 1275 2604 de
1290 2542 1389 2605 sortis
1404 2543 1587 2621 quantitate
1602 2542 1742 2619 liquere,
1765 2541 1841 2604 licet

1043 2636 1085 2699 de
1107 2637 1306 2715 obligatione
1329 2640 1479 2718 pignoris
1504 2640 1727 2702 constitisset·
1746 2639 1840 2701 Unde
1968 2661 1969 2730 3

1043 2749 1110 2796 non
1132 2736 1297 2799 immerito
1310 2737 1485 2800 videbatur
1508 2737 1666 2816 expedire
1684 2737 1838 2815 justins,

1043 2831 1130 2910 quod
1141 2834 1331 2911 exigeretur
1349 2834 1390 2897 de
1409 2833 1549 2897 dicenda
1563 2835 1703 2897 veritate
1726 2849 1841 2912 apar-

1042 2929 1130 2992 tibus
1140 2933 1378 3008 juramentum,
1394 2949 1495 3011 quum
1510 2949 1553 2994 ex
1568 2932 1656 2993 lama
1672 2933 1769 3011 quasi
1784 2947 1840 2992 no-

1042 3026 1165 3090 torium
1186 3028 1349 3092 habeatur
1368 3029 1544 3108 praelatum
1567 3031 1674 3103 E.,ex
1696 3029 1838 3108 quadam

1041 3126 1132 3189 terra
1145 3126 1252 3205 ipsius
1267 3130 1317 3201 (i,
1334 3127 1398 3189 sibi
1408 3127 1503 3189 titulo
1516 3128 1666 3206 pignoris
1680 3126 1837 3204 obligata,

1042 3225 1164 3285 sortem
1178 3224 1366 3302 etamplius
1380 3225 1579 3303 percepisse.
1601 3225 1632 3287 N
1634 3240 1653 3286 e
1676 3224 1781 3301 igitur
1796 3240 1838 3286 ex

1042 3319 1231 3399 hujusmodi
1250 3322 1433 3400 juramenti
1456 3321 1586 3385 defectu
1604 3322 1756 3400 justitia,
1782 3338 1838 3384 oc·

1042 3418 1165 3481 cultata
1191 3419 1343 3493 veritate,
1368 3418 1576 3496 succumbat3
1606 3418 1688 3481 disc.
1718 3436 1751 3480 v.
1792 3435 1840 3495 m,

1042 3516 1216 3593 quatenus,
1240 3517 1270 3579 si
1282 3516 1333 3579 est
1350 3517 1409 3590 ita,
1424 3518 1535 3595 partes
1549 3515 1591 3578 ad
1613 3515 1836 3594 praestandum

1042 3611 1465 3692 hujusmodijuramentum
1478 3629 1538 3692 por
1551 3628 1714 3676 censuras
1729 3613 1838 3677 eccle-

1042 3708 1206 3784 siasticas,
1222 3698 1445 3789 appellatione
1459 3711 1597 3784 remota,
1614 3711 1753 3788 cogatis.

1042 3879 1077 3924 co
1131 3881 1161 3924 ru
1182 3865 1340 3952 sepiebant
1354 3866 1519 3936 creditores,
1538 3865 1614 3951 quod
1635 3867 1759 3950 demunt
1776 3868 1835 3926 No-

1041 3938 1085 3994 oei
1098 3953 1119 4019 o
1130 3939 1282 4020 insumam
1294 3938 1339 4008 60,
1348 3953 1411 4022 cap.
1421 3940 1459 4007 l.;
1470 3946 1499 3996 et
1511 3937 1678 4011 prohibetur
1688 3953 1718 4021 ‚¹¹¹
1731 3952 1795 4011 cap.
1808 3938 1836 4006 2,
1875 3964 1880 3973 ·

1041 4008 1075 4064 de
1084 4008 1229 4091 Pneueit.
1242 4010 1291 4077 Vl,
1302 4015 1447 4136 utKrguus
1461 4007 1542 4067 detor
1553 4010 1617 4066 loco
1633 4008 1776 4078 obsidum,
1793 4010 1837 4065 lex

1041 4085 1122 4206 nt,
1144 4079 1838 4233 interstitiorum

1043 4217 1105 4276 lose
1115 4226 1251 4301 annotavi
1269 4218 1306 4276 ad
1322 4220 1395 4277 trtul.
1407 4220 1445 4303 'de
1531 4221 1614 4287 oreb,
1630 4218 1681 4302 sed
1695 4234 1835 4292 asperum

1042 4296 1086 4347 est
1100 4304 1154 4346 nrsr
1170 4304 1221 4362 pro
1230 4298 1317 4347 cnosa
1332 4304 1425 4364 grum,
1439 4298 1472 4374 ut
1482 4235 1585 4349 mune
1598 4289 1723 4358 obsides,
1737 4296 1770 4347 et
1782 4304 1835 4373 rag

1041 4359 1103 4442 dos,
1123 4373 1195 4432 quos
1214 4375 1361 4431 spomores
1376 4361 1486 4443 ltonrus
1507 4366 1601 4427 vocat,
1621 4366 1650 4417 et
1673 4360 1737 4417 loco
1758 4360 1836 4442 vedu

1041 4428 1836 4584 diffininitione}‘iterantis

1041 4569 1156 4628 obsrdes
1169 4570 1231 4628 darr
1241 4578 1387 4644 permittrt.
1407 4572 1448 4629 lte
1468 4578 1497 4628 et
1515 4570 1582 4628 olrm
1597 4584 1727 4643 vrrgrnes
1741 4577 1833 4628 ucto-

1041 4640 1835 4722 ribusobsidesdurlsolitusscrihltlltheneoslibdllll,

1041 4711 1616 4855 tttrtotuurntatttth
1630 4724 1836 4856 titulun

1041 4852 1529 5007 {instituturus
1544 4852 1837 5006 &nihilist

1042 4993 1110 5051 deut
1124 4992 1161 5050 ad
1185 4993 1378 5063 securitatem,
1403 4999 1436 5050 ut
1455 4999 1495 5051 ort
1511 4995 1606 5065 piosso
1627 5004 1656 5050 rn
1676 4992 1733 5050 hoc
1756 5007 1835 5066 cap,

1041 5078 1107 5122 uem
1123 5064 1148 5120 si
1161 5063 1257 5121 clerici
1269 5063 1453 5138 nneJussores
1466 5078 1531 5122 esse
1547 5078 1605 5120 nou
1625 5071 1756 5136 possunt,
1769 5077 1833 5138 cup.

1041 5136 1068 5204 l,
1088 5142 1117 5191 et
1131 5134 1241 5209 pende
1255 5135 1491 5208 ttionemmulto
1511 5134 1606 5191 minus
1624 5140 1654 5192 ut
1673 5133 1774 5203 rodes,
1790 5134 1836 5192 vel

1040 5204 1157 5263 obsides
1168 5206 1276 5262 carceri
1289 5205 1457 5278 mancipari,
1472 5205 1517 5262 vel
1532 5204 1654 5265 detineri
1668 5204 1785 5263 dehent.

1077 5274 1118 5347 (l)
1131 5277 1169 5335 Co
1183 5276 1248 5359 titre
1258 5283 1302 5333 est
1312 5276 1339 5333 le
1351 5276 1400 5333 ti·
1414 5274 1490 5357 dela
1503 5275 1675 5358 'Gonpiiottjo
1687 5275 1796 5346 primo,
1806 5281 1836 5332 et

1039 5346 1067 5403 le
1083 5350 1113 5404 70
1125 5346 1163 5405 du
1177 5346 1226 5403 hv.
1241 5348 1266 5405 ll
1280 5345 1353 5403 dans
1363 5346 1405 5403 les
1420 5346 1527 5403 liceret.
1542 5347 1753 5417 dreponennes.

1076 5420 1105 5476 ls
1138 5418 1237 5475 titulus
1264 5430 1280 5475 s
1301 5415 1461 5474 boimundo
1482 5417 1511 5473 in
1530 5418 1557 5474 ll
1577 5416 1767 5474 monendum
1788 5429 1832 5472 re·

1037 5485 1133 5559 iectus
1149 5496 1203 5557 est,
1218 5485 1266 5546 uhi
1281 5485 1317 5543 de
1336 5486 1461 5560 judiciis,
1485 5493 1514 5544 et
1547 5487 1626 5544 omni
1651 5485 1832 5544 instruendo·

1039 5573 1103 5617 rom
1120 5560 1221 5640 litium·
1235 5557 1335 5640 ordine
1351 5563 1380 5615 et
1394 5554 1484 5639 iorm'a
1503 5557 1566 5631 egit
1586 5557 1634 5630 qut
1653 5564 1750 5615 tumen
1765 5558 1792 5613 in
1809 5558 1832 5623 l,

1039 5637 1068 5686 et
1081 5632 1107 5688 ll
1124 5630 1287 5701 compilat,
1302 5628 1350 5685 hh.
1368 5631 1390 5690 l.
1408 5634 1530 5686 insertus
1541 5633 1593 5684 est.
