3996 6196
743 462 958 567 dullum
996 468 1345 563 compilarit)

237 708 1024 893 EPISTOLARUM
1086 723 1869 894 DECRETALIUM

522 1073 877 1201 uouonu
913 1077 1046 1205 ΠΙ.
1082 1080 1330 1207 rous.
1367 1078 1580 1206 unx.

424 1411 560 1474 NUNC
580 1413 766 1477 REGENS
787 1417 813 1477 Ε
833 1417 1009 1479 TRIBUS
1029 1419 1136 1481 vlla.
1159 1418 1289 1481 MS.
1312 1420 1361 1482 IN
1382 1372 1542 1483 LUGEM
1561 1420 1685 1482 baua

778 1569 835 1630 ΕΤ
855 1570 1000 1632 NOTIS
1022 1572 1322 1636 ILLUSTRATA

272 1763 403 1823 suumo,
425 1764 469 1812 nr
489 1766 671 1813 mnusram
696 1754 1026 1816 INNOGENTII
1044 1758 1365 1830 CIRONII,rua1s
1390 1772 1579 1828 urmusoua
1605 1770 1836 1822 morassoms,

493 1918 652 1970 callorum
672 1920 715 1968 AG
734 1921 902 1971 lacuum
921 1924 966 1972 ΕΤ
985 1925 1164 1974 ACADEMIAE
1185 1925 1364 1974 TOLOSANAE
1384 1924 1605 1974 mucium

465 2320 525 2380 AD
546 2319 785 2381 LECTOREM
1077 2271 1153 2333 aliis
1168 2272 1309 2350 quatuor
1322 2273 1458 2351 adjectae
1472 2271 1513 2334 ad
1536 2273 1721 2350 marginem
1744 2276 1867 2350 glossae

784 2358 793 2380 ‘
1076 2368 1157 2442 sint;
1168 2369 1274 2430 tribus
1288 2370 1419 2446 quidem
1434 2369 1549 2446 primis
1559 2369 1737 2440 vincentii,
1754 2370 1865 2441 Alani,

273 2470 338 2530 Cur
360 2466 522 2529 Antonius
541 2466 745 2542 Augustinus
770 2464 910 2543 quatuor
934 2464 1024 2527 anti-
1075 2466 1246 2537 Tancredi,
1272 2465 1452 2538 Laurentii,
1477 2466 1510 2527 et
1531 2465 1678 2541 Rogerii,
1703 2465 1763 2541 qui
1786 2466 1820 2527 et
1845 2481 1865 2525 a

233 2581 314 2643 quas
327 2564 541 2626 decretalium
554 2563 763 2624 collectiones
778 2562 830 2622 edi
843 2562 1020 2633 curaverit,
1075 2559 1145 2621 suis
1187 2561 1450 2623 antecessoribus
1485 2561 1664 2632 Silvestre,
1709 2559 1867 2633 Ruffino,

233 2662 391 2737 quintam,
408 2674 481 2735 quae
509 2659 560 2719 est
582 2658 722 2719 Honorii
744 2658 834 2719 tertii
861 2657 1019 2729 omiserit,
1073 2657 1201 2718 Joanne
1214 2658 1372 2734 Hispano,
1387 2660 1515 2720 Joanne
1529 2658 1725 2729 Faventino,
1741 2660 1775 2720 et
1789 2658 1868 2718 aliis

232 2772 299 2817 non
312 2756 408 2817 video
425 2775 432 2814 :
448 2757 521 2830 eJus
538 2753 735 2815 industriam
760 2754 794 2815 et
816 2753 1021 2830 diligentiam
1074 2751 1264 2825 hauserant,
1278 2753 1315 2815 ut
1333 2754 1474 2815 testatur
1495 2757 1641 2816 loannes
1658 2754 1813 2815 Andreae.
1830 2757 1868 2815 ln

232 2850 389 2926 effugisse
410 2850 469 2912 vix
483 2849 644 2925 suspicari
669 2849 780 2921 velim,
797 2849 853 2927 qui
874 2850 1023 2911 recondi·
1074 2850 1225 2925 quartam
1237 2864 1316 2910 vero
1330 2851 1468 2912 loannis
1478 2850 1659 2922 Teutonici,
1667 2850 1700 2910 et
1711 2866 1870 2925 quorum-

231 2947 318 3009 tiore
332 2961 469 3023 quaeque
483 2946 574 3008 luris
586 2945 763 3017 Pontificii,
789 2946 822 3006 et
834 2946 1021 3007 litterarum
1074 2943 1148 3005 dam
1167 2945 1308 3006 aliorum
1341 2945 1468 3007 scholia
1491 2945 1587 3007 nobis
1615 2945 1769 3007 exhibuit
1794 2946 1868 3022 ipse

233 3043 379 3104 omnium
393 3043 604 3103 monumenta
618 3041 815 3114 revolverat,
832 3058 907 3103 oum
929 3043 1021 3104 etvi-
1072 3040 1235 3102 Antonius
1268 3040 1482 3116 Augustinus.
1520 3040 1569 3101 Ad
1602 3041 1753 3117 quintam
1785 3057 1866 3103 vero

231 3155 367 3200 rossuae
380 3138 917 3214 aetatisegregiosillambabuisse
930 3155 1021 3200 com-
1073 3136 1299 3198 collectionem
1324 3137 1487 3197 neminem
1521 3137 1625 3197 alium
1648 3137 1866 3213 interpretem

232 3235 359 3312 pentum
381 3234 434 3307 sit,
456 3236 627 3313 cujacium
649 3250 777 3312 nempe,
804 3235 965 3307 contium,
987 3235 1021 3296 et
1073 3232 1180 3294 adfert
1191 3234 1335 3294 loannes
1357 3232 1496 3294 Andreae
1512 3248 1610 3310 qnam
1629 3234 1795 3295 loannem
1814 3234 1868 3294 Al-

232 3331 326 3392 alios.
347 3330 536 3393 consultius
548 3346 609 3407 ego
632 3346 766 3394 causam
787 3332 965 3408 exquirens
984 3330 1019 3392 in
1072 3328 1192 3388 banum
1207 3327 1422 3389 Ferentinum
1439 3328 1640 3405 episcopum,
1657 3331 1754 3405 cujus
1768 3328 1865 3404 glos-

232 3427 383 3490 omnihus
402 3428 471 3489 iere
487 3427 655 3489 codicibus
676 3428 910 3505 manuscriptis
922 3428 1021 3504 quin-
1072 3440 1127 3485 sas
1152 3423 1225 3502 quis
1250 3424 1370 3486 viderit
1397 3424 1524 3500 ignoro.
1552 3423 1679 3485 Idcirco
1704 3424 1866 3486 libentius

230 3524 298 3585 tam
310 3523 396 3583 hanc
408 3522 551 3583 defuisse
564 3523 702 3595 adverti,
718 3524 750 3585 et
762 3525 913 3600 quamvis
926 3540 1020 3585 acou·
1072 3520 1160 3581 levia
1171 3520 1321 3598 quaedam
1335 3520 1462 3581 scholia
1485 3520 1563 3580 nuic
1586 3519 1767 3596 adjiciendi
1790 3521 1867 3581 ani-

230 3619 472 3681 ratissimorum
483 3619 631 3680 virorum
649 3618 825 3678 consilium
837 3620 1016 3695 exegerim,
1071 3632 1161 3677 mum
1175 3615 1299 3693 appuli,
1323 3616 1359 3676 in
1382 3615 1500 3692 quibus
1514 3615 1598 3675 nihil
1621 3614 1692 3676 sere
1717 3616 1807 3692 quod
1830 3616 1865 3677 in

230 3714 395 3774 neminem
416 3713 526 3774 tamen
547 3713 663 3774 nactus
682 3729 765 3785 sum,
791 3713 848 3790 qui
869 3731 942 3775 earn
962 3716 1018 3775 vi·
1072 3711 1304 3774 eruditissimis
1338 3711 1552 3773 decretalium
1573 3710 1698 3772 Glossis
1722 3713 1864 3789 exposi-

231 3810 330 3880 disse,
343 3809 400 3869 aut
420 3809 542 3869 alicubi
558 3810 673 3870 extare
696 3810 887 3871 asseruerit.
906 3812 1018 3873 Multis
1071 3809 1140 3870 tum
1166 3809 1209 3869 sit
1230 3807 1392 3884 repetere,
1419 3808 1476 3868 sed
1500 3822 1541 3869 ea
1565 3806 1693 3868 tautum
1712 3823 1789 3884 quae
1803 3825 1865 3885 pro

231 3905 328 3966 annis
340 3904 504 3966 curiosius
525 3920 564 3965 ac
583 3904 773 3980 diligentius
793 3904 828 3965 in
840 3906 900 3967 tali
911 3923 1017 3982 nego·
1070 3903 1160 3966 luris
1175 3902 1274 3979 hujus
1290 3902 1476 3978 cognitione
1491 3903 1613 3963 omissa
1639 3901 1788 3975 luerunt,
1805 3904 1865 3965 aut

230 4002 277 4063 tio
294 4001 431 4072 exactis,
457 4016 547 4077 spem
570 4016 700 4061 omnem
723 4000 920 4077 abjeceram,
943 4019 1018 4064 cum
1072 3999 1112 4060 ad
1122 3998 1270 4061 historiae
1283 3998 1380 4059 tidem
1390 3997 1526 4070 iaciunt,
1541 4012 1727 4075 proponere
1739 4014 1866 4075 operae·

231 4098 340 4157 minus
354 4096 509 4157 inanimo
521 4095 555 4155 id
567 4095 704 4168 habens,
717 4096 752 4156 in
764 4098 886 4159 veteris
898 4097 1019 4160 biblio-
1071 4094 1214 4172 pretium
1225 4093 1424 4155 existimavi.
1441 4093 1532 4165 Quod
1545 4093 1676 4170 quidem
1691 4095 1865 4170 negotium

230 4189 335 4249 thecae
346 4187 511 4248 albiensis
523 4186 698 4248 ruderibus
719 4190 787 4249 tres
812 4190 942 4251 codices
953 4207 1020 4251 ma·
1071 4190 1200 4251 felicius
1215 4189 1410 4265 exegissem,
1424 4190 1454 4249 si
1467 4189 1632 4264 integrum
1650 4191 1793 4251 Honorii
1807 4206 1866 4251 re-

129 4340 132 4349 ,
230 4283 416 4360 nuscriptos
428 4284 573 4361 pulvere,
589 4284 664 4356 situ,
688 4285 721 4345 et
743 4285 864 4361 pedore
881 4285 1017 4347 consec·
1070 4287 1210 4362 gistrum
1220 4286 1333 4347 videre
1347 4285 1506 4357 licuisset,
1519 4301 1562 4346 ex
1575 4285 1865 4363 quovelutepro-

229 4382 281 4443 tos
293 4380 434 4442 feliciter
452 4380 572 4456 reperi.
589 4383 658 4442 Hoc
675 4396 757 4458 opus
783 4381 840 4441 diu
863 4382 949 4459 apud
965 4398 1017 4443 me
1070 4382 1142 4459 prio
1156 4381 1245 4443 fonte
1266 4381 1438 4443 veritatem
1464 4396 1604 4452 ornnem,
1634 4397 1708 4457 quae
1723 4381 1865 4458 quibus-

229 4478 411 4539 laterenon
424 4492 496 4538 sum
517 4492 644 4554 passus,
660 4478 739 4554 quin
752 4477 882 4554 publico
904 4477 1016 4539 darem
1070 4478 1144 4539 dam
1177 4475 1322 4539 tenebris
1356 4475 1525 4547 obruitur,
1559 4475 1732 4537 eruissem.
1771 4478 1860 4538 lllud

227 4577 296 4651 jam
307 4589 328 4635 a
340 4574 450 4636 multis
458 4574 554 4634 annis
565 4574 744 4650 expetitum
756 4589 764 4629 ε
778 4589 817 4635 eo
830 4574 915 4650 quod
927 4573 963 4635 in
977 4590 1016 4636 eo
1069 4574 1199 4651 quidem
1214 4588 1235 4633 a
1248 4573 1321 4635 viro
1335 4571 1525 4633 doctissimo
1540 4571 1688 4632 chesneo
1715 4573 1774 4649 qui
1794 4573 1863 4634 luis-

229 4670 470 4747 quamplurima
485 4671 518 4730 et
529 4669 723 4745 singularia,
746 4668 817 4730 sive
838 4669 937 4746 hujus
950 4672 1014 4732 Ju-
1067 4671 1162 4732 toriae
1176 4671 1379 4731 Francorum
1392 4667 1569 4743 scriptores
1583 4667 1638 4728 edi
1654 4669 1861 4744 procuravit,

229 4766 277 4827 ris
300 4765 530 4841 cognitionem,
563 4765 632 4826 sive
658 4764 791 4824 illorum
817 4764 1012 4841 temporum,
1068 4773 1241 4851 expectare
1253 4773 1410 4849 poteram,
1433 4770 1490 4832 sed
1505 4785 1544 4832 eo
1563 4773 1634 4847 jam
1652 4771 1720 4833 sato
1743 4771 1861 4836 functo

230 4861 347 4938 quibus
381 4861 547 4921 Honorius
578 4859 681 4931 Vixit,
714 4859 862 4920 histOriae
894 4861 1014 4923 seriem
1067 4870 1108 4932 ab
1120 4870 1184 4931 hac
1195 4884 1253 4945 spe
1265 4868 1383 4929 decidi.
1398 4866 1511 4928 lnhoc
1526 4882 1606 4927 sane
1621 4868 1791 4945 proposito
1804 4884 1864 4931 no·

229 4959 422 5034 spectemus,
440 4956 660 5033 reperiantur,
677 4969 750 5030 quae
765 4970 845 5015 sane
867 4955 902 5016 in
923 4959 1015 5020 Com·
1066 4982 1144 5028 vum
1155 4981 1259 5042 genus
1273 4962 1438 5026 scribendi
1451 4963 1610 5038 reperies,
1631 4978 1693 5024 nec
1717 4965 1810 5026 enim
1824 4966 1862 5028 in

228 5053 386 5131 pilatione
400 5051 620 5113 Decretalium
641 5050 792 5124 Gregorii
811 5052 898 5113 Noni
920 5054 1013 5116 desi·
1066 5062 1156 5125 Juris
1190 5060 1347 5123 canonici
1379 5058 1585 5136 expositione
1621 5058 1763 5133 tantum,
1801 5063 1861 5123 sed
1981 5118 1982 5141 ,

229 5150 396 5211 derantur.
414 5151 507 5208 Hanc
521 5162 582 5220 ego
597 5145 799 5220 provinciam
814 5147 888 5209 ideo
901 5149 1012 5212 liben-
1066 5159 1166 5220 etiam
1187 5157 1222 5218 in
1248 5156 1405 5217 historica
1433 5154 1624 5216 narratione
1650 5171 1787 5232 oporam
1800 5158 1860 5219 in·
1981 5184 1982 5199 κ

227 5247 293 5308 tius
308 5243 449 5319 suscepi,
465 5256 505 5301 ac
521 5239 607 5300 notis
629 5240 823 5317 quibusdam
845 5243 1013 5310 illustrare
1067 5254 1201 5331 sumpsi,
1218 5253 1296 5329 quia
1309 5252 1342 5313 et
1354 5251 1528 5326 utrumque
1541 5251 1687 5312 maxime
1699 5252 1860 5328 prodesse

227 5341 363 5410 tentavi,
376 5336 461 5415 quod
477 5335 575 5411 hujus
592 5336 833 5412 compilationis
844 5340 1012 5420 interpre-
1065 5352 1172 5413 visum
1186 5349 1248 5410 luit
1264 5365 1271 5404 ι
1288 5347 1406 5425 quippe
1432 5347 1579 5423 epistolae
1593 5348 1744 5421 Honorii,
1771 5350 1861 5414 sicut
1981 5362 1982 5387 ¹

228 5452 294 5514 tem
303 5434 430 5497 nullum
440 5431 475 5493 in
485 5431 717 5511 manuscriptis
731 5436 920 5515 repererim,
935 5440 1013 5507 licet
1065 5448 1099 5511 et
1125 5447 1369 5511 antecessorum
1393 5442 1584 5521 pontificum
1608 5458 1627 5504 e
1654 5444 1775 5523 quibus
1804 5448 1859 5511 bae
