3960 6188
102 287 158 351 921
548 278 754 342 nouimus
776 277 975 342 sncounn
996 279 1101 343 eosr
1123 281 1299 345 resona.
1687 287 1748 350 922

102 447 232 509 lamnas
246 445 344 523 ejus»
360 437 549 522 (Putat).
568 438 899 502 Has'col'umnasbo·
952 443 1118 505 madata
1147 447 1224 517 Mus
1244 458 1314 506 oon
1337 443 1495 516 custodit,
1519 446 1674 508 mendox
1698 450 1752 511 cei

104 545 211 607 minus
242 543 322 603 tunc
355 538 579 610 confirmavit,
613 550 688 599 curn
723 536 899 598 commisso
955 537 984 617 (Ι
995 541 1092 602 ioan.
1105 556 1143 613 11,
1159 540 1205 619 4).

105 640 230 719 Spiritu
257 638 378 699 Sancto
404 635 551 704 exalto,
577 635 669 696 tanta
695 649 752 695 ecs
777 634 900 695 virtute
994 636 1088 698 Unde
1101 638 1241 713 legimus
1252 638 1419 716 quodipse
1429 639 1521 715 pavit
1531 639 1635 701 Filios
1646 643 1751 704 Israel

108 737 254 808 vestivit,
282 738 319 797 ut
345 735 474 812 primus
504 748 619 795 eorum
648 731 706 809 qui
736 731 829 808 prius
858 730 899 791 ad
956 749 1078 795 manna
1093 734 1129 795 in
1145 735 1287 796 deserto.
1301 736 1381 797 Erat
1395 736 1505 797 autem
1518 753 1640 799 manna
1654 740 1750 816 quasi

106 835 236 899 ancillae
256 848 372 895 vocem
393 830 589 907 negaverat,
611 831 724 907 postea
746 828 781 889 in
802 844 902 890 cons-
955 846 1068 893 semen
1082 832 1252 894 coriandri
1264 832 1387 905 album,
1401 834 1562 910 etgustus
1576 837 1753 915 ejusquasi

105 935 200 1012 pectu
217 930 406 1008 principum
427 928 624 991 constitutus
646 926 772 988 diceret
792 925 900 986 conli-
956 930 1065 991 simile
1086 945 1161 991 curn
1173 929 1284 991 melle.
1297 932 1417 991 semen
1431 931 1601 993 coriandri
1614 920 1754 1011 parvum

106 1031 220 1092 denter
236 1051 243 1089 ι
261 1030 403 1091 obedire
417 1025 551 1101 oportet
569 1028 640 1086 Deo
663 1025 776 1099 moute
799 1037 903 1097 ouum
956 1025 1088 1102 quidem
1103 1025 1163 1096 esi,
1176 1023 1233 1085 sed
1249 1023 1346 1085 valde
1363 1024 1521 1085 calidum.
1537 1027 1661 1089 Manna
1674 1030 1753 1107 qui-

108 1128 301 1191 ooo-toute
316 1123 401 1202 (Act.
416 1140 449 1195 r,
465 1120 530 1201 29).
957 1122 1031 1184 dem
1047 1122 1144 1199 quasi
1156 1137 1269 1183 semen
1293 1122 1462 1183 coriandri
1485 1122 1651 1198 significat
1664 1127 1754 1189 alta-

147 1227 213 1285 Per
227 1221 415 1293 Cherubim,
428 1220 484 1298 qui
494 1218 665 1296 plenitudo
683 1214 831 1278 sciontlae
847 1214 902 1275 di·
957 1221 1005 1283 ris
1020 1220 1283 1291 Sacramentum,
1297 1219 1333 1280 iu
1344 1236 1409 1297 quo
1425 1219 1506 1281 latet
1516 1219 1628 1283 divina
1638 1227 1758 1302 majes-

108 1322 238 1393 cuntur,
256 1319 465 1396 significatur
475 1316 613 1378 scientia
622 1314 795 1390 virtusque
807 1312 901 1387 legis,
957 1320 1021 1390 tas,
1037 1317 1124 1379 sicut
1145 1317 1180 1378 in
1202 1316 1330 1378 semine
1353 1316 1522 1379 coriandri
1543 1318 1624 1380 latet
1646 1321 1755 1384 calida

70 1494 74 1502 Ι
108 1434 172 1498 qua
190 1417 347 1496 praelatas
366 1416 490 1494 pollere
515 1413 621 1485 debet,
637 1413 674 1473 ut
688 1412 729 1472 de
746 1411 904 1472 thesauro
959 1415 1115 1493 potestas.
1138 1416 1177 1474 In
1198 1428 1238 1475 eo
1258 1413 1432 1491 quoderat
1451 1414 1574 1487 album,
1591 1416 1758 1493 significat

108 1515 283 1579 cordissui
292 1512 537 1590 sciatproferre
551 1525 638 1572 nova
653 1511 686 1570 et
698 1509 824 1570 vetera.
841 1510 907 1568 Per
960 1512 1045 1591 quod
1068 1528 1188 1589 corpus
1206 1511 1338 1573 Domini
1361 1514 1412 1574 est
1432 1513 1697 1576 mundissimum.
1718 1519 1757 1578 In

108 1613 238 1686 leones,
261 1611 319 1689 qui
344 1609 472 1673 seroces
497 1609 589 1679 suni,
612 1606 768 1685 P⁰t0ssfiae
798 1604 907 1667 terrm·
960 1625 1000 1671 eo
1015 1608 1100 1687 quod
1115 1609 1230 1684 gustus
1254 1610 1326 1685 eJus
1346 1609 1419 1669 erat
1438 1608 1534 1685 quasi
1556 1609 1665 1671 simile
1683 1628 1758 1673 cum

107 1710 317 1789 exprimitur.
341 1712 406 1771 Per
425 1705 605 1783 bovesqui
625 1703 792 1766 mansueti
817 1702 904 1774 sunt,
960 1705 1069 1777 melle,
1090 1702 1342 1780 significabatur
1367 1702 1505 1764 dulcedo
1533 1703 1656 1767 divina
1679 1723 1761 1783 gra·

108 1807 328 1871 mansuetudo
343 1804 512 1883 patientiae
527 1801 731 1878 designatur,
746 1800 783 1863 ut
800 1799 906 1861 bonus
959 1804 1026 1876 tim,
1042 1819 1117 1881 quae
1142 1801 1240 1863 datur
1258 1801 1295 1862 in
1318 1803 1532 1863 sacramento
1551 1803 1677 1865 altaris.
1696 1805 1759 1867 Sed

109 1905 263 1984 pastoral
273 1902 487 1982 peccantibus
496 1898 680 1962 terribilem
690 1913 727 1960 se
737 1896 904 1968 exhibeat,
961 1918 1027 1964 non
1056 1900 1240 1978 percipitur
1273 1900 1339 1961 nisi
1374 1915 1394 1961 a
1427 1899 1538 1975 dignis
1569 1903 1758 1967 animabus,

108 2006 142 2065 et
154 1999 622 2080 penitenubusmansuetum.
639 1999 705 2058 Leo
721 1996 764 2058 sit
779 1995 816 2057 ut
828 2010 907 2057 cor·
961 2002 1084 2062 Manna
1108 1999 1197 2060 enim
1218 1997 1363 2059 habebat
1382 2014 1513 2059 omnem
1538 2014 1701 2076 saporem,
1728 2004 1761 2065 et

108 2099 212 2177 ripiat
242 2099 427 2176 inquietos-3
457 2096 501 2158 sit
526 2095 587 2157 bos
614 2097 652 2156 ut
676 2092 907 2171 pusillanimes
962 2113 1059 2159 omne
1082 2095 1372 2164 delectamentum,
1399 2095 1436 2156 in
1461 2110 1527 2171 quo
1555 2095 1762 2172 figurabatur

104 2196 311 2269 consoletur,
336 2196 488 2256 infirmos
520 2191 691 2269 suscipiat,
720 2192 754 2252 et
777 2190 908 2267 patiens
963 2194 1049 2273 quod
1070 2194 1106 2255 in
1124 2194 1339 2255 Sacramenta
1358 2191 1476 2253 altaris
1493 2192 1675 2270 percipitur
1695 2211 1763 2258 om·

103 2295 154 2356 -sit
166 2294 208 2356 ad
221 2309 347 2355 omnes.
362 2295 435 2368 lpse
450 2292 542 2368 potat
555 2304 616 2350 nos
633 2304 720 2366 aqua
735 2285 909 2364 sapientia
963 2292 1016 2353 nis
1030 2291 1149 2367 gratia,
1172 2290 1205 2352 et
1228 2305 1294 2351 non
1317 2289 1425 2350 solnm
1449 2290 1557 2351 omnis
1569 2292 1688 2366 gratia,
1704 2293 1762 2355 sed

110 2390 286 2463 salutaris,
308 2389 410 2461 idest,
439 2403 526 2465 aqua
551 2385 696 2448 coelestis
723 2383 908 2461 sapientias,
964 2390 1064 2452 etiam
1079 2387 1136 2449 ille
1148 2387 1184 2448 in
1199 2402 1264 2463 quo
1281 2387 1332 2448 est
1345 2386 1453 2447 omnis
1467 2387 1587 2462 gratia.

110 2489 245 2551 dicente
267 2486 443 2548 Salomone
459 2507 467 2545 z
481 2501 502 2544 c
515 2488 610 2561 Aqua
629 2481 792 2560 protunda
808 2479 910 2542 verba
1004 2487 1051 2547 De
1065 2485 1162 2547 tertio
1182 2484 1230 2545 ait
1242 2483 1405 2547 ieremias
1420 2483 1541 2562 populo
1555 2484 1761 2549 israelitico:

104 2600 156 2647 0¹
182 2598 241 2645 Oto
263 2583 393 2655 struet
421 2581 552 2643 torrens
573 2578 739 2640 inundans
761 2576 834 2639 f011⁵
856 2591 912 2637 St·
965 2581 1764 2652 Pastoreseorumseduxerunteos,liliosscilicet

107 2680 249 2761 pientia}
266 2678 523 2758 s(Pros.xv1n‚
540 2676 585 2757 4)·
602 2679 641 2738 El
655 2676 693 2737 in
705 2673 885 2751 Evangelio
902 2694 910 2733 τ
966 2680 1080 2742 Israel.
1097 2681 1252 2742 Pastores
1274 2694 1401 2751 eorum,
1418 2678 1556 2751 scilicet,
1573 2680 1763 2743 sacerdotes

113 2782 178 2846 out
196 2778 282 2850 sitit,
296 2778 414 2838 ocutot
427 2776 461 2837 ct
476 2775 575 2847 btbot,
592 2773 626 2835 et
646 2775 687 2834 dc
701 2773 824 2834 occire
837 2773 913 2843 ejus
966 2793 1082 2839 eorum
1096 2776 1301 2838 seduxerunt
1315 2791 1384 2848 eos,
1399 2775 1476 2853 quia
1487 2775 1578 2837 aliud
1589 2776 1762 2852 docebant,

107 2877 222 2949 ticeni
251 2889 351 2949 couae
381 2876 473 2935 otoo
500 2871 609 2950 (ioan.
635 2885 695 2943 vn,
726 2867 792 2948 38).
819 2871 912 2929 Hanc
967 2875 1000 2937 et
1011 2875 1102 2936 aliud
1117 2872 1299 2947 iaciebant,
1321 2873 1409 2934 unde
1422 2873 1458 2933 in
1471 2873 1653 2950 Evangelio
1670 2896 1678 2935 ε
1698 2878 1767 2937 εει»

115 2989 237 3050 aquam
250 2971 400 3033 Christus
411 2985 512 3032 verus
526 2968 639 3046 pastor
653 2967 709 3028 dat
727 2964 823 3027 nobis
835 2964 911 3026 ori-
964 2986 1030 3048 per
1041 2971 1244 3033 cathedram
1257 2971 1388 3043 Mopso
1405 2971 1570 3031 sederunt
1589 2973 1719 3032 Scribe
1732 2973 1767 3033 ct

110 3069 177 3132 bus
198 3070 279 3142 suis,
295 3067 427 3146 quando
450 3066 636 3129 monetnes
659 3063 700 3124 de
720 3060 913 3124 coelestibus
966 3050 1767 3141 ppargaegqaaecumqueoaaemmvomer.

115 3167 284 3244 mysteriis
298 3182 358 3244 per
370 3165 558 3241 scripturas
573 3162 606 3223 et
625 3176 685 3238 per
700 3158 913 3238 praedicatio-
967 3168 1047 3228 vate
1059 3165 1095 3226 et
1114 3165 1229 3239 sapite,
1246 3165 1434 3225 samariam
1448 3177 1555 3236 opera
1568 3177 1690 3225 eorum
1704 3179 1768 3226 uo-

114 3281 204 3327 nem.
227 3263 323 3327 Unde
344 3262 484 3339 legimus
505 3261 541 3320 in
562 3258 693 3330 Genesi,
710 3256 796 3335 quod
810 3254 913 3318 Jacob
968 3264 1026 3325 late
1048 3265 1164 3338 facere
1186 3258 1317 3339 (Matth.
1344 3274 1442 3331 xmn,
1467 3256 1513 3337 2).
1542 3259 1663 3322 sedere
1686 3277 1767 3323 vero

109 3362 243 3424 amovit
260 3359 404 3437 lapidem
427 3357 469 3419 ab
488 3371 547 3418 ore
565 3355 656 3432 putei
679 3356 713 3415 et
737 3351 917 3430 adaquavit
970 3375 1070 3437 super
1094 3356 1285 3420 cathedram
1309 3356 1433 3434 Moysis
1452 3357 1502 3418 est
1525 3357 1641 3419 sedere
1658 3358 1770 3420 inho-

108 3475 248 3536 greges
264 3455 367 3519 Jacob
390 3454 512 3531 figurat
535 3453 702 3514 Christum
726 3452 914 3528 pastorem
970 3471 1051 3518 nore
1067 3456 1100 3517 et
1114 3455 1221 3531 gradu
1240 3454 1276 3516 in
1300 3469 1365 3531 quo
1388 3453 1498 3516 iuerat
1521 3456 1663 3532 Moyses.
1685 3456 1770 3528 Quot

113 3560 257 3635 puteus,
281 3552 507 3629 Scripturaffli
532 3565 631 3627 adua,
666 3548 834 3610 coeloslem
861 3562 918 3607 sa·
972 3554 1049 3614 sunt
1063 3552 1112 3613 illi
1125 3553 1275 3629 pastores
1287 3552 1410 3613 nostris
1424 3551 1626 3629 temporibus
1642 3554 1698 3630 qui
1711 3568 1769 3614 se-

114 3648 561 3732 pientiam31apisduriliem
576 3644 817 3708 utteraoacob
829 3659 918 3706 amo·
972 3650 1050 3711 dent
1073 3664 1174 3727 super
1187 3647 1378 3710 cathedram
1403 3649 1436 3710 et
1457 3664 1524 3709 non
1544 3648 1579 3709 in
1591 3650 1771 3711 cathedral

117 3750 174 3812 vet
205 3748 351 3826 lapidem
380 3745 422 3808 ab
450 3760 509 3807 01¹0
534 3744 640 3821 pulei,
666 3743 699 3805 01
722 3742 779 3804 dut
805 3742 917 3819 p0lum
971 3749 1062 3808 'l'uuc
1093 3745 1172 3807 mali
1206 3747 1357 3823 pastores
1385 3745 1501 3807 sedent
1523 3760 1624 3824 super
1651 3746 1771 3807 cathe-

120 3846 251 3919 ovibus,
269 3843 400 3923 qnando
421 3842 572 3904 Christus
593 3856 694 3902 verus
724 3840 837 3916 pastor
857 3853 920 3899 ex·
973 3844 1084 3913 dram,
1128 3842 1260 3921 quando
1295 3843 1459 3921 occupant
1492 3842 1565 3905 loca
1610 3842 1773 3905 bonorum

119 3944 214 4021 ponit
229 3941 326 4004 nobis
338 3940 540 4018 scripturas,
556 3938 653 4011 idest,
676 3937 771 3999 docet
784 3952 846 3998 nos
860 3936 917 3996 in·
973 3940 1198 4019 praelatorum,
1221 3940 1300 4017 quia
1315 3939 1407 4000 aliud
1423 3939 1605 4016 praedicant
1626 3939 1659 4001 et
1681 3938 1772 4001 aliud

115 4041 236 4114 terius,
248 4041 285 4101 ut
295 4039 472 4116 loquamur
482 4037 523 4099 de
536 4034 704 4114 mysteriis
715 4033 916 4096 coelestibus.
973 4038 1110 4109 iaciunt,
1127 4036 1288 4098 habentes
1300 4035 1428 4097 tantum
1439 4034 1540 4097 rerba
1552 4038 1659 4097 etnon
1672 4034 1771 4097 sacta.

119 4141 194 4217 lpse
209 4136 355 4216 quotidie
369 4134 476 4214 pascit
494 4150 554 4195 nos
575 4148 675 4195 carne
698 4132 732 4195 et
756 4131 919 4208 sanguiue
974 4135 1094 4196 Dicunt
1113 4133 1216 4205 cuim,
1242 4133 1275 4194 el
1293 4148 1361 4193 non
1379 4131 1516 4205 faciunt,
1540 4132 1626 4193 sicut
1651 4132 1774 4208 legitur

121 4253 193 4309 suo,
208 4234 381 4311 sicutipse
399 4232 442 4294 de
464 4247 500 4293 se
520 4230 626 4292 dicit:
645 4233 824 4291 Coromco
837 4242 920 4289 vore
975 4231 1016 4292 de
1030 4229 1118 4291 mala
1139 4229 1293 4301 liculnea,
1319 4245 1393 4305 quae
1415 4227 1619 4306 producebat
1640 4229 1774 4289 frondes

122 4336 174 4397 cst
192 4336 297 4403 dous,
311 4332 345 4393 ct
358 4333 501 4406 sanguis
514 4343 614 4391 meus
631 4340 715 4388 ocra
729 4327 780 4388 cst
796 4326 919 4400 potos3
974 4327 1103 4390 tantum
1126 4328 1160 4388 et
1182 4342 1249 4387 non
1267 4325 1405 4386 fructus
1433 4324 1584 4387 Gaudere
1604 4324 1720 4386 volunt
1733 4324 1775 4385 de

122 4430 377 4506 ootmouducot
385 4441 501 4489 meam
510 4423 922 4496 commonachioitmcum
976 4424 1149 4496 beneflcio,
1183 4423 1240 4484 sed
1272 4421 1390 4483 nolunt
1424 4437 1581 4484 exercere
1616 4420 1774 4494 officium,

120 4531 344 4604 scopulosus,
369 4528 407 4587 tn
429 4539 485 4585 mc
514 4522 644 4590 mouet,
669 4521 703 4582 et
728 4535 790 4597 coo
817 4522 856 4581 iu
883 4532 923 4580 co
977 4523 1055 4601 quia
1069 4537 1137 4583 non
1151 4520 1314 4583 suntreri
1336 4520 1498 4597 pastores,
1520 4519 1577 4581 sed
1600 4508 1776 4581 mercena-

121 4623 236 4704 (Joau
249 4620 372 4700 v1‚56b
386 4617 722 4696 Quasicutquotidie
734 4631 922 4694 peccamus,
977 4620 1032 4692 rii,
1048 4618 1208 4697 quianon
1223 4617 1342 4679 curant
1356 4616 1397 4678 de
1406 4616 1524 4678 oribus
1539 4616 1620 4677 suis.

121 4722 171 4784 ita
182 4720 331 4799 quotidie
341 4734 401 4796 per
412 4718 506 4778 illum
521 4715 681 4777 habemus
691 4713 923 4776 remissionem
1018 4719 1076 4777 Vas
1098 4713 1347 4777 successoribus
1370 4715 1617 4791 Apostolorum,
1638 4714 1667 4774 si
1688 4708 1779 4776 mer·

121 4820 273 4882 omnium
286 4817 508 4894 peccatorum.
521 4814 602 4875 Item
615 4834 622 4873 :
634 4817 707 4889 Epo
717 4810 925 4885 compastor
979 4813 1107 4876 cenarii
1122 4813 1199 4875 sunt
1213 4811 1360 4887 dicendi,
1377 4827 1428 4874 ree
1447 4812 1638 4889 pastoribus
1650 4812 1776 4885 ovium,

122 4920 243 4987 donas
259 4915 293 4976 et
304 4926 467 4991 coouosco
480 4925 589 4983 mcor,
605 4911 639 4971 ct
650 4908 857 4985 cognoscunt
869 4919 926 4969 uic
980 4913 1009 4973 si
1023 4913 1111 4974 inter
1123 4910 1238 4972 haedos
1253 4911 1330 4971 suni
1348 4910 1554 4986 collocandi3
1570 4928 1621 4972 rae
1636 4911 1778 4972 cultori-

123 5029 214 5076 mcco
229 5012 338 5092 (ioan.
353 5027 388 5084 x,
405 5007 470 5088 14).
489 5011 557 5084 Ego
581 5021 746 5082 cognosco
760 5019 852 5066 meus
867 5018 927 5081 per
980 5011 1042 5072 bus
1056 5010 1175 5082 rineae,
1190 5009 1307 5070 sicum
1322 5009 1420 5071 malis
1437 5009 1594 5086 agricolis
1607 5009 1684 5069 sunt
1697 5022 1781 5085 pen·

124 5109 410 5188 approbationem,
440 5104 662 5176 dilecfifflleffl,
695 5103 728 5164 02
760 5101 928 5178 guberna·
982 5107 1098 5183 dendi3
1112 5122 1163 5169 rae
1178 5105 1356 5183 clavigeris
1371 5107 1466 5184 regni
1487 5105 1642 5177 coelestis,
1662 5103 1779 5165 sicum

123 5210 266 5283 tionem3
280 5222 363 5268 meae
378 5220 457 5266 vero
469 5200 674 5279 cognoscunt
688 5214 741 5261 me
753 5214 813 5276 per
825 5198 929 5260 devo-
981 5203 1127 5265 habeant
1141 5203 1337 5280 potestatem
1358 5202 1486 5279 ligandi
1504 5202 1603 5279 atque
1616 5199 1778 5273 solvendi,

126 5307 263 5377 tionem,
278 5302 511 5373 Obediesstiam
532 5303 565 5362 et
579 5298 811 5363 imitationem.
827 5296 929 5357 Novit
982 5301 1047 5379 ipsi
1062 5317 1082 5363 a
1096 5301 1191 5377 regni
1202 5303 1308 5378 janua
1323 5301 1400 5361 sunt
1423 5297 1640 5372 excludendi3
1660 5313 1711 5358 vae
1726 5313 1782 5358 se-

126 5405 218 5465 enim
232 5402 392 5464 Dominus
413 5412 486 5477 quae
498 5398 591 5485 ‚suni
614 5399 698 5475 ejus.
720 5396 800 5456 Haeo
818 5392 928 5454 autom
984 5397 1137 5461 dentibus
1161 5412 1261 5475 super
1282 5395 1474 5459 cathedram
1496 5395 1632 5472 Moysis,
1655 5394 1684 5453 si
1706 5410 1781 5455 cum

128 5499 275 5576 cognitio
289 5498 340 5560 ost
354 5495 499 5568 dilectio,
516 5494 604 5556 siout
616 5496 763 5556 loannes
779 5492 931 5566 Evange-
984 5495 1129 5558 habeant
1149 5494 1276 5557 clavem
1300 5492 1461 5566 scientiae,
1487 5507 1548 5553 nec
1567 5491 1632 5569 ipsi
1655 5490 1783 5554 intrant

129 5597 208 5659 lisia
226 5596 368 5660 testatur
384 5613 391 5654 ε
409 5595 472 5662 Qut
489 5593 571 5653 dicti
584 5604 623 5652 86
637 5604 737 5652 noste
757 5588 880 5658 Deum,
897 5588 931 5649 ei
985 5610 1045 5657 nec
1059 5593 1135 5655 aliis
1158 5591 1334 5654 insinuant
1353 5590 1442 5655 viam
1463 5588 1627 5665 intrand13
1653 5580 1780 5662 sae'iis
