3952 6188
208 296 271 362 721
673 292 850 358 HONORII
872 290 918 356 ΙΙΙ
939 290 1088 358 OPERA.
1104 322 1142 339 -
1158 290 1390 360 anamodus.
1810 294 1879 359 728

212 458 323 523 clbilis
355 456 391 521 et
422 450 707 535 concupiscibilis.
749 454 947 531 Rationalis,
973 455 1011 519 ut
1064 456 1110 519 st
1123 458 1266 519 uerbum
1278 454 1504 532 sorsfactum
1515 456 1578 529 cst,
1593 458 1628 518 et
1641 456 1824 521 morum
1838 462 1880 521 tn

215 555 665 619 discernatiuterbonumet
679 553 814 628 malum,
830 546 1010 617 triscibilis
1064 552 1495 634 nobu(ioan.1,14).Et
1518 554 1605 616 sicut
1627 555 1779 616 mundus
1807 555 1878 618 boc

213 656 250 717 ut
264 652 424 733 despiciat
445 655 580 725 malum,
604 652 873 730 concupiscibilis
895 654 931 715 ut
946 669 1010 731 ap-
1063 652 1212 729 tempore
1224 651 1406 721 viridescit,
1422 652 1471 714 ita
1484 650 1604 713 decens
1623 652 1686 714 tuit
1705 654 1746 715 ut
1763 653 1879 715 bomo

210 753 302 831 petat
338 746 461 814 bonum
489 751 522 815 θῖ
552 751 789 813 necessarium.
825 750 1010 813 Rationalis
1065 750 1122 826 qm
1136 750 1199 811 boc
1213 752 1360 827 tempore
1372 748 1435 811 tuit
1447 748 1612 819 conditus,
1626 750 1661 813 in
1675 766 1786 812 carne
1802 766 1881 812 res·

210 848 390 928 impeditur
428 850 541 911 nubilo
579 849 800 925 ignorantiae,
830 849 1010 911 irascibilis
1064 848 1265 921 inureretur,
1280 847 1638 925 selreuorareturper
1659 848 1876 921 castitatem,

209 944 388 1026 impeditur
399 948 525 1025 impetu
542 947 612 1019 irae,
630 947 812 1024 quieceret
827 946 898 1009 zelo
909 947 1011 1025 iusti·
1064 945 1146 1007 etin
1161 946 1271 1007 mente
1284 960 1344 1023 per
1355 945 1588 1012 humilitatem.
1610 945 1704 1007 Unde
1718 948 1877 1024 Aposto-

208 1046 277 1109 tiae.
296 1047 355 1109 Est
368 1046 457 1107 enirn
475 1046 527 1107 ira
541 1061 601 1123 per
617 1046 736 1117 zelum,
757 1044 866 1107 motus
879 1045 1009 1121 gratie.
1064 1043 1117 1105 lus
1127 1044 1877 1117 :senecamrnispiritemntacvestroeetin-

210 1143 305 1206 Unde
319 1144 356 1206 ut
372 1143 595 1219 distinguatur
612 1144 700 1205 inter
718 1144 803 1205 iram
818 1158 877 1221 par
890 1143 1009 1216 zelum,
1065 1142 1293 1205 duitemeum
1304 1144 1875 1216 bominemnmecundumomn

213 1242 345 1304 stiram
360 1242 493 1314 malam,
507 1242 587 1304 dicit
600 1241 776 1305 Psalmista
789 1263 796 1301 :
810 1243 1012 1303 irascimini
1064 1240 1203 1302 creatus
1217 1240 1269 1301 est
1283 1236 1381 1317 (pr.
1394 1253 1440 1311 rr,
1455 1236 1521 1317 23).

211 1339 247 1401 et
259 1340 363 1401 notite
372 1354 520 1414 peecare
531 1337 600 1418 (Pe.
613 1355 657 1412 rr,
672 1337 720 1419 5).
734 1339 1010 1417 concupiscibilis
1105 1337 1271 1401 Numerus
1284 1338 1334 1398 est
1347 1336 1578 1408 attendendus,
1589 1337 1669 1414 quia
1679 1337 1875 1415 qmdrage

211 1436 394 1514 impeditur
407 1437 647 1514 superfluitate.
660 1432 740 1499 Hac
755 1438 821 1500 tria
832 1437 915 1500 vitia
930 1452 1013 1499 con·
1065 1435 1182 1497 narius
1199 1449 1359 1496 nummus
1376 1434 1526 1496 sacratus
1544 1434 1649 1495 estin
1665 1435 1872 1513 scripturis,

215 1533 449 1596 trabunturex
462 1550 564 1596 carne
580 1534 747 1612 corrupta.
1065 1534 1145 1611 quia
1168 1532 1335 1610 significat
1359 1530 1605 1609 perfectionem,
1628 1531 1719 1604 idest,
1748 1534 1872 1596 totum

251 1632 372 1693 Dicunt
394 1632 483 1694 enim
504 1632 649 1709 physici,
671 1633 728 1710 qui
753 1631 795 1694 de
816 1630 1011 1710 corporibus
1064 1632 1194 1708 tempus
1208 1629 1383 1708 presentis
1397 1627 1789 1705 vitaousdrapensrlus
1802 1644 1873 1692 nu·

212 1727 368 1799 nactam,
383 1729 470 1805 quod
484 1744 604 1805 corpus
619 1729 801 1790 humanum
815 1745 859 1790 ex
869 1729 1012 1806 quatuor
1065 1744 1177 1790 merus
1192 1726 1345 1790 consistit
1366 1742 1411 1788 ex
1426 1727 1640 1804 quaternario
1660 1729 1695 1788 et
1706 1726 1868 1788 denario.

213 1824 389 1887 elementis
407 1825 637 1903 principalitar
658 1825 820 1899 consistit,
843 1825 1010 1898 videlicet,
1065 1827 1230 1888 benamus
1252 1840 1412 1885 numerus
1432 1841 1451 1885 a
1473 1824 1686 1901 quaternario
1700 1824 1868 1896 nascitur,

211 1924 313 1994 terra,
327 1938 427 2000 apua,
444 1940 533 1997 aere,
549 1924 582 1986 et
593 1921 727 2003 igne‚{et
745 1923 780 1985 in
791 1924 933 2001 prratuor
947 1922 1013 1985 bu·
1066 1924 1098 1985 et
1111 1923 1148 1985 in
1162 1922 1376 2001 quaternario
1399 1922 1596 1993 condnetun
1620 1921 1698 1997 quia
1722 1922 1870 1997 quatum

212 2019 361 2083 moribus
374 2020 572 2084 naturaliter
584 2021 748 2093 consistit,
762 2021 930 2094 videlicet,
946 2036 1013 2083 me·
1066 2021 1176 2083 decies
1185 2022 1221 2083 et
1228 2020 1339 2082 decies
1347 2020 1489 2097 quatuor
1496 2018 1622 2080 iaciunt
1629 2018 1868 2096 quadraginta,

216 2117 361 2180 leucolla
372 2134 445 2196 quae
454 2117 704 2182 similitudinem
716 2117 898 2182 babetcum
908 2119 1010 2191 terra,
1066 2119 1099 2181 et
1124 2118 1201 2180 ideo
1223 2135 1283 2195 per
1303 2117 1392 2179 bunc
1419 2131 1595 2178 numerum
1624 2133 1774 2193 praeseus
1796 2118 1872 2177 rita

214 2214 369 2293 flegmate
384 2215 470 2294 quod
494 2217 699 2279 assimilatur
718 2232 832 2295 aque,
848 2216 1012 2293 sanguiue
1066 2216 1269 2293 designatur.
1284 2218 1349 2277 Per
1363 2215 1612 2292 quaternarium
1627 2213 1728 2275 etiam
1742 2214 1872 2275 intelli-

215 2314 272 2392 qui
287 2314 399 2375 affluis
415 2316 468 2377 est
487 2316 568 2388 aeri,
586 2313 721 2377 cholera
734 2329 808 2392 quaa
822 2314 950 2377 accedit
970 2314 1012 2377 ad
1065 2315 1189 2391 guntur
1221 2314 1363 2391 quatuor
1395 2311 1587 2387 Evangelia,
1621 2311 1741 2389 quibus
1772 2313 1868 2373 totus

215 2411 340 2487 ignem.
357 2415 398 2474 Et
412 2413 498 2475 sicut
514 2413 660 2482 tradunt,
677 2414 710 2475 et
722 2412 868 2475 tractant
885 2412 911 2475 li
930 2426 1013 2490 quos
1066 2412 1208 2472 mundus
1221 2411 1362 2487 rigatur.
1372 2413 1437 2471 Per
1448 2409 1623 2470 denarium
1634 2408 1873 2484 significantur

213 2510 319 2585 agitat
335 2509 399 2571 iste
418 2509 523 2584 labor,
540 2511 699 2588 quamdiu
722 2510 878 2572 humores
899 2510 957 2572 isti
976 2509 1012 2571 in
1067 2509 1180 2571 decem
1196 2508 1353 2571 mandata
1366 2508 1450 2585 legis
1465 2523 1540 2585 quae
1556 2506 1634 2569 data
1651 2506 1729 2568 suut
1743 2506 1870 2583 populo

214 2621 275 2667 suo
293 2608 382 2669 statu
396 2609 429 2669 et
441 2609 661 2685 temperantia
673 2623 712 2669 ac
727 2608 918 2683 integritate
933 2622 1013 2684 per·
1066 2610 1084 2669 J
1087 2607 1268 2668 udaaorum.

218 2702 350 2775 durant,
361 2720 481 2781 corpus
492 2706 673 2766 humanum
685 2705 721 2768 in
732 2706 874 2767 sanitate
884 2704 1014 2780 integre
1108 2706 1257 2777 Quatuor
1273 2704 1351 2765 suut
1362 2703 1519 2764 humores
1537 2700 1688 2778 corporis
1702 2701 1822 2772 nostri,
1836 2701 1871 2762 et

217 2801 419 2878 perseverat.
450 2803 515 2861 Sed
551 2818 594 2863 ex
628 2804 839 2879 corruptione
875 2802 1013 2863 istorum
1068 2801 1182 2863 decem
1202 2802 1280 2863 sunt
1301 2802 1468 2878 precepta
1482 2800 1578 2875 legis.
1595 2799 1677 2870 Quia
1702 2814 1787 2874 ergo
1808 2813 1871 2876 per

218 2897 396 2959 humorum
410 2898 463 2960 vel
478 2899 621 2976 alicnjus
636 2914 762 2971 sorum,
779 2899 920 2960 diversae
936 2914 1015 2975 pro·
1068 2900 1209 2976 quatuor
1236 2900 1391 2959 humores
1422 2897 1571 2974 corporis
1600 2895 1871 2971 uansgredimur

214 2995 354 3057 veniunt
362 2995 584 3058 infirmitates.
599 2996 694 3059 Unde
702 2996 885 3059 ieremias:
903 2997 1014 3059 Vituiu
1068 2996 1233 3075 praecepta
1253 2996 1349 3072 legis,
1368 2995 1457 3057 recte
1476 2994 1694 3055 coustitutum
1708 2994 1758 3056 est
1782 2993 1871 3054 utin

214 3098 353 3168 clepens
366 3095 401 3156 et
413 3097 570 3169 romense
591 3095 764 3170 AEpvptus
780 3110 792 3155 .·
811 3093 1015 3156 stimulator
1068 3093 1347 3172 quadragesimali
1367 3093 1497 3171 jejunio
1522 3090 1721 3153 mundemur
1741 3089 1783 3150 ab
1806 3089 1869 3151 his

215 3193 258 3252 ab
287 3195 452 3265 Apudone
475 3193 591 3254 veniet
623 3195 656 3253 ei
681 3189 797 3271 (Jerm.
822 3205 919 3260 ηπ,
944 3187 1012 3269 20).
1068 3192 1224 3268 peccatis.
1240 3192 1328 3252 Nam
1344 3192 1431 3253 Deus
1449 3189 1485 3250 in
1501 3188 1628 3250 diluvio
1644 3187 1881 3266 quadraginta·

215 3289 382 3367 AEgyptus
396 3290 635 3367 interpretatur
647 3287 792 3352 tenebrae
803 3288 856 3351 vel
870 3287 1014 3350 tribula·
1069 3289 1183 3351 diebus
1194 3290 1227 3351 et
1236 3288 1457 3366 quadraginta
1467 3287 1620 3349 noctibus
1632 3301 1741 3363 aquas
1753 3284 1871 3346 effudit

215 3386 263 3448 tio
277 3388 517 3464 coangustans3
531 3388 565 3449 et
585 3388 754 3463 significat
775 3402 909 3449 carnem
931 3400 1014 3447 nos·
1068 3386 1191 3465 abyssi.
1220 3387 1337 3449 Nuntii
1365 3386 1473 3464 Moysi
1501 3384 1725 3463 quadraginta
1753 3381 1869 3445 diebus

214 3483 302 3547 mam
323 3501 397 3562 quae
418 3485 575 3548 obscurat
590 3485 796 3548 intellectum
808 3483 965 3560 rationis;
982 3482 1017 3545 et
1068 3486 1192 3548 terram
1213 3485 1442 3562 promissionis
1462 3479 1868 3560 exploraverunt31srael

215 3580 291 3644 ideo
306 3581 428 3645 dicitur
451 3584 620 3659 tenebrae3
637 3585 671 3644 et
686 3583 844 3659 angustat
869 3582 1015 3643 animam
1070 3583 1289 3661 quadraginta
1304 3582 1401 3643 annis
1415 3581 1612 3657 angelorum
1624 3594 1713 3657 pane
1725 3579 1871 3640 nutritus

215 3677 321 3738 variis
339 3677 620 3740 tribulationibus.
635 3681 675 3741 iit
689 3679 764 3740 ideo
777 3678 900 3740 dicitur
913 3677 1016 3740 tribu·
1070 3680 1120 3742 est
1150 3681 1186 3741 in
1214 3680 1355 3742 deserto.
1388 3679 1539 3740 Christus
1572 3678 1674 3740 etiam
1700 3675 1874 3753 jejunavit

215 3772 299 3834 latio
320 3776 554 3850 coangustans.
570 3776 735 3853 AEgyptus
755 3777 807 3838 est
826 3776 947 3851 vitula;
963 3775 1017 3837 vi·
1070 3777 1289 3856 qnadraginta
1299 3776 1414 3838 diebus
1425 3780 1459 3838 et
1467 3775 1683 3859 quadraginta
1696 3772 1868 3834 noctibus.

216 3869 288 3933 tula
311 3869 435 3932 dicitur
459 3886 537 3932 caro
563 3874 677 3933 nostra
701 3889 775 3949 quas
799 3874 850 3935 est
874 3872 1012 3945 lasciva,
1071 3876 1212 3953 ipsemet
1225 3874 1376 3936 Christus
1392 3875 1467 3950 post
1484 3873 1767 3934 resurrectionem
1782 3886 1873 3948 qua-

217 3968 760 4047 quandoestelepansetformosa,
772 3969 868 4041 idest,
884 3968 1016 4047 pinguis
1070 3973 1223 4048 draginta
1236 3971 1352 4033 diebus
1372 3971 1534 4033 remansit
1555 3970 1590 4031 in
1611 3969 1725 4032 terris.
1743 3969 1871 4029 Idcirco

217 4067 251 4128 et
264 4067 415 4144 pulchra.
424 4067 618 4129 stimulator
631 4069 683 4129 est
697 4065 836 4144 quilibet
850 4067 1016 4144 malignus
1070 4071 1133 4133 boc
1154 4072 1303 4146 tempore
1321 4073 1523 4147 jejunemus,
1541 4069 1579 4129 ut
1592 4068 1765 4145 ieiunium
1785 4082 1868 4127 nos-

218 4162 366 4241 spiritus.
387 4165 508 4242 Aquilo
522 4166 573 4226 est
587 4168 695 4244 major
709 4165 872 4227 diabolus.
892 4165 1017 4228 Stimu-
1070 4170 1158 4230 uum
1182 4167 1350 4245 iejunium
1374 4167 1498 4228 Christi
1525 4165 1704 4242 aequatum
1731 4167 1766 4227 et
1789 4164 1873 4225 sicut

217 4260 304 4323 lator
320 4262 412 4324 veuit
437 4262 479 4324 ab
505 4264 673 4340 aquilone,
697 4263 828 4341 quando
848 4263 1016 4340 malignus
1070 4267 1134 4329 boc
1167 4267 1315 4342 tempore
1341 4281 1402 4342 per
1427 4262 1668 4325 abundantiam
1695 4262 1871 4324 humorum

217 4360 357 4439 spiritus
373 4362 515 4425 mittitur
530 4378 551 4423 a
575 4361 706 4424 diabolo
721 4362 763 4424 ad
781 4361 1017 4423 stimulandam
1071 4364 1218 4425 membra
1239 4362 1396 4424 laxantur
1410 4361 1452 4423 ad
1471 4360 1608 4435 malum,
1622 4361 1670 4421 ita
1686 4375 1751 4436 per
1768 4358 1872 4421 absd-

217 4475 352 4521 carnem
366 4459 512 4522 hominis
523 4477 583 4537 per
591 4461 742 4523 ardorem
753 4459 1017 4521 libidinisUnde
1071 4462 1217 4524 nentiam
1232 4460 1381 4522 ciborum
1402 4458 1549 4520 membra
1568 4457 1824 4533 restringuntur
1833 4455 1872 4516 ad

218 4556 350 4620 dicebat
367 4558 472 4620 David
492 4580 499 4619 :
523 4561 587 4625 Qui
602 4559 768 4621 tribulant
790 4573 858 4631 me,
874 4557 1015 4621 emutio·
1070 4560 1203 4631 bonum,
1225 4558 1312 4619 sicut
1331 4557 1413 4619 dicit
1436 4556 1616 4633 Apostolus
1637 4576 1645 4615 ι
1666 4555 1769 4617 Stoici
1785 4557 1876 4617 enlm

217 4655 311 4725 bunt,
327 4658 359 4716 si
372 4658 486 4718 inatus
502 4658 613 4729 litero.
629 4656 698 4735 (Ps.
716 4658 766 4730 12,
782 4655 827 4736 5).
1071 4657 1440 4720 ecbibitistismembra
1449 4654 1719 4716 contrariorum
1729 4655 1875 4714 inenun-

260 4750 412 4811 secuuda
429 4768 532 4819 causa
547 4754 830 4830 esttsmparantia
844 4752 1015 4831 temporis,
1071 4756 1166 4817 ditioe
1191 4757 1237 4816 ari
1262 4752 1490 4827 interdicte-m,
1518 4751 1570 4812 ito
1596 4765 1692 4812 stunc
1719 4749 1874 4812 censete

220 4844 298 4922 quia
326 4845 390 4906 hoc
415 4849 544 4924 tempus
566 4850 783 4925 temperatius
812 4851 863 4912 est
888 4851 1017 4929 reliquo
1071 4855 1227 4914 murdro
1240 4851 1359 4912 cestre
1376 4848 1679 4921 servirejustitice
1693 4851 1733 4909 in
1747 4847 1877 4910 sancti-

218 4940 385 5017 tempor03
404 4943 437 5003 et
448 4943 524 5004 ideo
544 4959 605 5006 nec
622 4944 754 5020 corpori
769 4947 943 5009 molestum
967 4947 1019 5010 est
1071 4950 1230 5023 flectione
1244 4947 1354 5025 (Rom.
1365 4964 1410 5017 vr,
1424 4945 1488 5025 19).

216 5040 383 5114 jejunare,
403 5040 481 5116 qula
501 5055 567 5101 non
589 5042 748 5116 gravatur
770 5044 872 5108 multo
893 5044 1017 5123 frigore
1110 5048 1219 5107 Causa
1235 5044 1434 5107 attendenda
1444 5046 1505 5114 est,
1518 5041 1775 5120 quiajejunium
1786 5040 1875 5103 valet

221 5136 279 5196 aut
291 5151 411 5212 magno
424 5136 547 5207 calore,
562 5138 595 5199 et
605 5138 724 5200 animae
734 5140 940 5204 fructuosum
954 5144 1015 5217 est,
1071 5144 1113 5206 ad
1135 5144 1291 5220 quatuor3
1315 5141 1422 5219 primo
1440 5141 1482 5201 ad
1504 5156 1637 5217 poenam
1652 5139 1874 5209 evadendam,

221 5232 299 5310 quia
311 5233 562 5309 nonimpeditur
572 5232 613 5294 ab
624 5237 785 5299 oratioue.
793 5241 905 5302 Tertia
916 5257 1017 5303 cansa
1072 5239 1258 5301 adveniam
1281 5236 1527 5307 inveniendam,
1546 5235 1587 5295 ad
1602 5235 1751 5310 gratiam
1766 5249 1881 5295 conse·

222 5329 273 5389 est
293 5330 371 5406 quia
397 5330 539 5389 mundus
570 5329 633 5393 boc
661 5333 810 5412 tempore
834 5338 1015 5401 viridescit.
1072 5337 1251 5415 quendam,
1280 5333 1321 5395 ad
1352 5333 1494 5409 gloriam
1527 5332 1798 5408 promerendam.
1829 5329 1879 5391 Ad

222 5424 365 5498 Dignum
377 5440 456 5500 ergo
471 5424 534 5487 fuit
548 5430 584 5489 ut
600 5429 659 5491 illo
670 5431 818 5510 tempore
831 5434 929 5498 bomo
944 5452 1019 5498 res-
1072 5450 1204 5513 poenam
1237 5431 1452 5499 evadendam,
1483 5429 1562 5507 quia
1594 5430 1683 5490 sicut
1715 5429 1881 5490 Ninivitae

222 5519 413 5583 tauraretur
425 5536 484 5597 per
492 5525 731 5603 poenitentiam,
745 5530 781 5591 in
796 5547 860 5608 quo
875 5534 1018 5596 mundus
1073 5549 1132 5610 par
1155 5531 1321 5608 jejunium
1350 5528 1530 5590 evaserunt
1559 5526 1764 5599 seutentiam
1795 5525 1880 5587 sub-

225 5614 375 5676 conditus
389 5616 492 5679 iuitat
501 5622 688 5703 redemptus
699 5627 740 5689 ad
756 5628 928 5691 servitium
941 5632 1015 5695 Dei:
1073 5629 1255 5701 versionis,
1291 5628 1337 5690 ita
1371 5642 1448 5697 nos,
1487 5626 1516 5686 si
1554 5640 1637 5701 pure
1667 5626 1878 5702 jejunamus,
