3952 6188
94 364 163 433 805

95 528 194 590 scire
222 527 379 606 quidquid
403 527 558 599 voluerit,
589 525 733 603 Spiritus
759 524 901 587 Sanctus

93 625 197 687 dabit
216 625 303 686 velle
322 624 544 691 essebonum,
566 627 599 685 et
619 623 665 685 ita
688 622 754 684 erit
770 621 902 700 perlec-

96 725 154 785 tus
169 724 209 784 in
220 723 311 784 omni
321 723 493 799 potestate,
502 720 666 797 sapientia
678 720 712 782 et
724 720 897 781 charitate.

469 916 539 1001 XX

98 1120 452 1194 QUADRAGESIMAE
460 1118 898 1190 flnssnounbAQUARTll.

343 1267 446 1314 annm
467 1267 593 1323 oumrf.
616 1248 663 1332 (1)

138 1404 222 1467 Ibat
251 1406 353 1465 Jcsru
387 1406 424 1464 tu
452 1402 630 1465 civitatem
656 1416 734 1476 quoe
755 1400 901 1462 vocatur

317 366 662 442 QUADRAGESIMAE
682 365 940 426 HEBDOMADA
960 364 1142 437 QUARTA.
1159 394 1198 408 -
1212 366 1338 429 FERIA
1363 367 1533 440 QUINTA.

1686 374 1747 435 806

956 523 1042 586 sicut
1065 523 1147 587 dicit
1166 523 1284 588 beatus
1309 527 1444 589 Petrus:
1480 529 1545 595 Qut
1565 531 1748 602 peccatum

955 636 1024 682 nou
1046 622 1138 695 scalt,
1162 637 1225 684 uec
1245 627 1340 687 dotus
1363 626 1524 687 inventus
1544 628 1596 689 cst
1621 630 1659 688 iu
1684 642 1746 691 cre

955 721 1030 791 ejus
1044 715 1129 797 (Pet
1147 735 1183 792 11,
1195 719 1260 800 22).

994 816 1054 876 Vel
1065 831 1143 877 cero
1158 820 1271 878 nostra
1285 818 1407 881 dicitur
1421 819 1552 894 fluctus,
1566 822 1644 899 quia
1659 839 1746 900 quo-

955 912 1035 974 tidie
1047 912 1133 976 sicut
1144 929 1230 991 aqua
1247 913 1321 976 fluit
1338 916 1374 977 in
1392 918 1550 994 mortem;
1568 920 1647 997 quia
1662 920 1748 983 sicut

956 1011 1134 1086 nascimur,
1155 1011 1202 1073 ita
1221 1012 1398 1088 morimur,
1418 1015 1496 1090 quia
1518 1015 1661 1078 deterre
1678 1018 1747 1079 nati

956 1123 1070 1168 sumus
1085 1107 1166 1171 etin
1179 1110 1302 1170 terrem
1321 1112 1538 1171 revertemur.
1555 1113 1649 1174 Unde
1664 1115 1750 1190 legi-

956 1220 1028 1265 mus
1042 1205 1078 1265 in
1093 1205 1193 1267 Libro
1206 1209 1332 1282 Regum
1347 1207 1433 1284 quod
1449 1208 1599 1285 quaedam
1615 1211 1748 1288 sapiens

956 1302 1077 1363 mulier
1097 1302 1184 1365 dixit
1202 1304 1243 1364 ad
1268 1304 1390 1366 David:
1416 1307 1541 1368 omues
1560 1311 1746 1381 morimur,

956 1398 990 1460 ct
1015 1400 1104 1460 sicut
1129 1414 1230 1476 uqucc
1254 1403 1439 1463 diludimur
1458 1405 1496 1463 tu
1515 1404 1651 1466 terrum
1672 1420 1750 1480 quea

96 1504 224 1566 Nutm.
297 1498 391 1578 (Luc.
405 1516 465 1571 vu,
483 1497 547 1578 11).
955 1510 1024 1557 uon
1037 1497 1267 1559 reuertuntur
1278 1497 1323 1576 (ΙΙ
1336 1500 1417 1573 Reg.
1430 1514 1499 1571 xrs,
1519 1497 1586 1579 14),
1603 1502 1681 1578 quia
1696 1518 1750 1578 ge-

138 1596 348 1672 Evangelica
383 1595 481 1658 lectio
508 1611 606 1672 quam
628 1595 725 1657 modo
748 1593 899 1665 audistis,
957 1591 1085 1654 naratio
1099 1592 1243 1666 advenit,
1260 1596 1294 1656 et
1306 1597 1478 1669 generatio
1495 1598 1653 1674 preterit.
1676 1599 1748 1661 Ad·

98 1690 899 1765 lratrescarissimi,nititurtribusviis,uidelicet,
955 1690 1047 1751 venit
1058 1690 1235 1762 nascendo,
1254 1692 1287 1752 et
1299 1692 1446 1768 praeterit
1457 1693 1639 1756 moriendo.
1655 1697 1749 1758 Unde

96 1790 259 1863 historia,
276 1790 447 1866 allegoria,
464 1792 497 1852 et
519 1789 715 1867 tropologia,
733 1789 818 1850 idest
835 1802 902 1848 mo-
957 1787 1131 1848 salomon:
1150 1791 1261 1850 Neruo
1280 1789 1332 1850 cst
1348 1792 1407 1863 qut
1424 1805 1564 1865 semper
1584 1794 1691 1866 vivut,
1716 1797 1752 1856 ct

97 1887 498 1965 ralitate.Historia,quiu
510 1888 619 1949 omnia
632 1884 852 1964 quaeaudistis
865 1883 900 1945 in
955 1887 1014 1958 qut
1024 1888 1126 1957 umus
1140 1887 1194 1946 ret
1208 1886 1330 1947 babeat
1341 1886 1614 1966 ttductumtltccl.
1631 1904 1679 1962 ix,
1700 1889 1746 1971 4).

99 1986 264 2063 praesenti
279 1985 431 2056 lectione,
447 1986 494 2046 ita
506 1984 686 2045 creduntur
699 1983 787 2044 lacta
799 1982 836 2042 in
848 1997 902 2042 ve·
995 1981 1123 2043 Dicitur
1133 1981 1234 2042 etiam
1250 1982 1436 2054 commotio,
1453 1984 1531 2061 quia
1544 2000 1623 2046 caro
1636 1989 1749 2050 nostra

98 2083 216 2155 ritate,
237 2083 324 2143 sicut
337 2082 450 2144 audita
463 2083 539 2143 sunt
553 2082 595 2142 ad
609 2080 766 2143 litteram.
782 2081 821 2140 In
835 2094 900 2156 quo
955 2079 1101 2156 quotidie
1114 2081 1340 2141 commovetur
1351 2080 1392 2141 ad
1405 2082 1621 2144 tentationem
1636 2086 1750 2147 contra

99 2177 338 2241 consideratur
357 2178 722 2267 magnamisericordia
738 2175 902 2253 Redemp-
956 2176 1119 2252 spiritum.
1138 2176 1232 2238 Unde
1246 2177 1446 2253 Apostolus:
1470 2182 1559 2241 Caro
1572 2186 1752 2257 coucupis-

97 2277 203 2349 toris,
229 2276 286 2355 qui
307 2276 343 2337 in
366 2276 534 2337 civitatem
554 2274 648 2335 illam
671 2274 826 2349 dignatus
851 2272 903 2333 est
955 2273 1002 2332 cit
1015 2276 1184 2334 adversus
1196 2273 1371 2347 spiritum,
1387 2276 1533 2348 spiritus
1548 2278 1666 2339 autem
1683 2282 1750 2339 uct-

97 2374 163 2446 ire,
179 2373 239 2435 ubi
253 2372 378 2434 sciebat
391 2372 494 2432 fllium
508 2372 617 2433 viduae
631 2372 797 2432 mortuum
815 2384 900 2439 esse,
956 2383 1079 2430 uersus
1095 2384 1238 2430 cormac
1253 2368 1374 2449 (Galat.
1387 2387 1419 2442 v,
1435 2370 1499 2451 17).
1524 2374 1559 2433 Si
1571 2373 1655 2435 bene
1670 2392 1752 2436 con-

97 2472 137 2533 ut
160 2472 196 2532 et
212 2470 348 2530 uiduam
364 2469 604 2537 consolaretur,
629 2467 735 2529 illium
755 2484 775 2528 a
795 2466 902 2528 morte
956 2465 1138 2538 sineretur,
1161 2482 1240 2528 caro
1267 2483 1333 2528 non
1362 2469 1568 2546 concupiscit
1590 2471 1750 2534 adversus

97 2565 355 2637 resuscitando,
381 2568 414 2627 et
434 2565 554 2627 multos
575 2566 617 2627 ad
641 2565 739 2627 fldem
761 2581 902 2627 couver-
956 2562 1119 2640 spiritum,
1136 2564 1214 2641 quia
1225 2564 1309 2625 nibil
1319 2566 1523 2643 concupiscit
1535 2568 1607 2629 sine
1618 2569 1748 2646 spiritu,

96 2665 199 2735 teret,
227 2666 260 2724 et
279 2663 313 2725 in
330 2663 394 2725 ilde
409 2662 621 2725 confirmaret
644 2678 702 2740 spe
724 2678 901 2724 resurrec-
956 2676 1062 2737 neque
1089 2660 1226 2738 spiritus
1251 2662 1472 2740 concupiscit,
1495 2664 1657 2727 adversus
1680 2684 1752 2729 car·

96 2760 205 2823 tionis
221 2760 393 2836 erigendo.
410 2760 473 2822 Sed
487 2761 573 2822 sicut
586 2760 667 2822 dicit
682 2759 799 2823 beatus
818 2762 902 2822 Ure·
955 2774 1043 2830 nem,
1055 2759 1132 2835 quia
1148 2758 1258 2834 diligit
1275 2760 1392 2836 ipsam,
1412 2762 1498 2822 sicut
1516 2761 1597 2826 dicit
1614 2767 1752 2841 Aposto-

97 2858 218 2935 gorius
236 2857 424 2919 :ubivinus
444 2874 552 2920 sermo
574 2858 673 2936 quasi
685 2857 818 2936 quidam
831 2858 899 2919 iiu-
955 2856 1022 2915 lus:
1035 2859 1146 2918 Nemo
1166 2871 1309 2918 caruem
1320 2873 1421 2920 suum
1435 2862 1512 2921 cdto
1525 2861 1748 2941 babuitOEph.

97 2957 176 3018 vius
200 2956 252 3016 est
272 2955 391 3033 planus
413 2957 447 3017 et
468 2956 572 3028 altus,
599 2956 635 3016 in
661 2971 725 3033 quo
747 2957 780 3017 et
795 2971 900 3031 agnus
954 2968 985 3024 u,
993 2951 1058 3032 29),
1072 2952 1128 3015 sed
1137 2952 1260 3016 dictum
1271 2956 1322 3016 est
1333 2956 1579 3032 concupiscere,
1591 2959 1668 3035 quia
1680 2977 1751 3021 car

96 3052 251 3114 ambulet
263 3053 295 3114 ei
305 3053 440 3131 elephas
453 3052 739 3137 natetsPraesens
754 3053 851 3115 lectio
864 3054 901 3114 ut
954 3049 1044 3110 nalia
1056 3050 1138 3111 vitia
1151 3051 1390 3127 concupiscunt
1405 3053 1568 3114 adversus
1584 3055 1748 3133 spiritum,

97 3150 237 3211 divinus
250 3165 359 3211 sermo
372 3165 452 3211 vere
468 3149 590 3210 durius
605 3152 665 3222 est,
682 3151 761 3227 quia
775 3152 899 3212 terram
954 3149 988 3207 et
1018 3147 1154 3222 spiritus
1178 3147 1339 3207 adversus
1364 3148 1434 3208 illa.
1461 3150 1555 3211 Unde
1581 3154 1750 3227 apostolus

100 3246 215 3308 cordis
228 3230 330 3308 vestri
343 3246 453 3323 potest
467 3247 592 3322 rigare,
607 3248 644 3307 ut
657 3245 760 3308 lactat
772 3246 900 3309 fructus
954 3244 1091 3304 Petrus:
1106 3245 1252 3305 Obsecro
1274 3258 1336 3309 cos
1358 3244 1523 3318 tanquam
1544 3251 1696 3311 advenas
1717 3252 1752 3312 ct

99 3343 191 3405 vitun.
218 3345 259 3405 Et
279 3345 331 3405 est
353 3342 473 3419 planus
490 3341 695 3418 simplicibus
715 3357 775 3419 per
788 3341 899 3404 histo·
950 3342 1158 3415 peccarium
1166 3341 1342 3403 abstinere
1351 3355 1413 3403 vos
1425 3346 1655 3407 aromatibus
1664 3350 1751 3409 dcet·

99 3440 200 3513 riam,
230 3440 317 3501 altus
343 3439 547 3516 sapientibus
569 3428 848 3515 perallegoriam,
864 3438 900 3500 iu
954 3439 1072 3509 certis,
1108 3452 1186 3511 quw
1211 3437 1365 3499 militant
1395 3442 1564 3503 aduersus
1594 3446 1750 3505 animum

98 3530 166 3615 quo
189 3551 317 3611 agnus,
342 3534 443 3608 idest,
469 3535 607 3614 quilibet
631 3535 773 3612 simplex
794 3536 902 3613 potest
955 3531 1202 3614 (IPet.11,11).

99 3633 287 3706 ambulare,
308 3632 404 3704 idest,
429 3631 531 3694 verba
554 3632 631 3694 vitae
654 3633 846 3710 percipere3
867 3633 900 3694 et
993 3632 1129 3709 Triplex
1156 3631 1345 3695 colluctatio
1366 3633 1457 3696 fideli
1486 3636 1592 3698 estin
1613 3639 1748 3702 mundo.

101 3730 253 3809 elephas,
278 3729 375 3802 idest,
401 3728 540 3808 quilibet
564 3729 699 3807 sapiens
714 3730 822 3807 potest
837 3726 910 3791 na-'
954 3729 1084 3805 Pugnat
1097 3745 1240 3807 namque
1259 3729 1366 3793 tidelis
1387 3733 1652 3796 coutra'carnem
1674 3754 1749 3814 quae

99 3829 185 3899 tare,
201 3826 299 3899 idest,
316 3829 444 3889 secreta
464 3827 636 3904 sapientiae
661 3842 821 3904 quaerere,
839 3827 898 3890 sed
952 3827 1157 3904 concupiscit
1171 3826 1332 3889 adversus
1347 3829 1511 3906 spiritum,
1535 3832 1622 3894 sicut
1639 3837 1750 3911 Apos-

101 3924 142 3985 ad
157 3923 358 4003 profundum
372 3941 438 4007 nup
451 3928 637 4002 pervenire.

141 4021 218 4084 Ibat
243 4024 346 4084 lesus
371 4025 409 4085 tu
434 4022 610 4084 civitatem
642 4038 719 4098 quae
752 4024 899 4085 vocatur
950 4023 1303 4097 uwtsrepupuuutcm
1316 4026 1383 4097 cept
1396 4024 1525 4086 mentis
1536 4039 1624 4087 mete
1638 4026 1748 4105 (Rom.

102 4121 218 4181 u'atm.
248 4118 347 4179 Naim
384 4119 622 4196 iuterpretatur
657 4119 795 4189 ductus,
825 4120 896 4183 sive
950 4133 1010 4190 vu,
1030 4115 1095 4196 23).
1121 4118 1252 4192 Pugnat
1270 4118 1392 4179 iterum
1417 4120 1525 4181 tidelis
1545 4123 1661 4185 contra
1684 4124 1750 4186 im-

102 4217 289 4287 commotio‚
301 4216 656 4292 etsignitlcatcarnem
670 4218 818 4278 nostram
833 4216 897 4277 tra·
951 4214 1035 4291 pios,
1056 4214 1231 4291 dequibus
1252 4215 1300 4275 ait
1332 4217 1513 4278 Dominus:
1538 4221 1651 4282 Erttts
1671 4226 1748 4284 odio

101 4311 212 4385 gilem.
239 4312 433 4391 passibilem
454 4317 487 4373 et
505 4312 693 4382 mortalem,
710 4328 784 4388 quae
812 4312 896 4376 bena
951 4314 1106 4373 munibus
1119 4312 1265 4385 propter
1280 4327 1406 4373 nornen
1424 4329 1541 4375 sucum
1557 4314 1689 4394 (naun.
1712 4333 1747 4391 x,

103 4406 223 4471 dicitur
247 4409 383 4481 fluctus,
418 4408 496 4486 quia
523 4408 671 4485 quotidie
696 4408 836 4470 fluctuat
863 4410 897 4471 et
950 4406 1015 4486 22).
1032 4408 1496 4481 Etzstmcpcrsecuttsuut,
1511 4411 1750 4486 etcosperse-

103 4501 184 4573 iltuit,
201 4505 289 4567 sicut
304 4520 401 4583 aqua,
425 4505 460 4566 in
481 4504 573 4567 vitiis
589 4506 622 4566 et
635 4505 790 4582 peccatis.
812 4506 896 4578 Quia
950 4504 1101 4580 querum
1112 4500 1220 4581 (Joan.
1234 4519 1291 4575 xv,
1306 4501 1371 4583 20).
1386 4506 1517 4580 Pugnat
1527 4507 1627 4568 etium
1640 4509 1748 4572 tidelis

104 4599 187 4663 munt
213 4603 296 4665 dicit
323 4602 427 4665 David
447 4619 490 4663 :c
514 4604 551 4664 In
577 4601 755 4680 iniquitate
782 4620 896 4664 sumus
951 4601 1067 4663 contra
1095 4599 1300 4677 asperiorem
1334 4599 1517 4688 inimicum,
1540 4604 1581 4665 de
1613 4622 1679 4683 quo
1700 4608 1749 4671 ait

105 4701 265 4779 concepti,
289 4700 321 4762 et
335 4699 370 4761 in
385 4699 521 4778 peccato
533 4700 614 4772 nati,
628 4717 647 4759 ›
659 4700 694 4762 ct
708 4704 746 4762 tu
754 4701 896 4775 peccato
951 4698 1145 4776 Apostolus:
1161 4700 1240 4760 Nou
1252 4697 1304 4759 est
1315 4700 1412 4760 uobis
1420 4702 1610 4765 colluctatio
1619 4708 1749 4767 odricu-

105 4797 263 4860 uiuimus.
290 4797 383 4864 Unde
396 4797 433 4857 in
447 4796 658 4858 Proverbiis:
679 4800 761 4863 Quis
781 4800 896 4872 potest
949 4812 1010 4859 sus
1023 4811 1176 4868 caruem,
1192 4798 1253 4857 sed
1265 4797 1434 4859 adversus
1448 4802 1625 4877 principes
1643 4804 1749 4879 etpo-

105 4892 233 4956 ulcere:
254 4897 423 4956 muudum
441 4893 493 4955 est
512 4907 572 4954 cor
589 4908 717 4967 mcum,
735 4894 771 4956 et
780 4910 897 4969 purus
951 4894 1092 4957 testatas
1106 4890 1239 4973 (Epiros.
1255 4909 1302 4965 vr,
1318 4892 1380 4975 12).

105 5000 179 5050 eum
191 5006 214 5052 a
223 4992 387 5066 pcccatot
402 4989 515 5069 (Prov.
530 5006 588 5062 xx,
605 4990 651 5069 9).
671 4992 710 5052 nt
729 4995 894 5055 ioannes:
991 4990 1123 5052 Primus
1144 4990 1248 5052 hostis
1278 4992 1385 5066 nocet,
1406 4992 1493 5056 idest
1516 5012 1606 5067 caro,
1639 5000 1747 5061 motus

105 5084 352 5159 statuerimus,
364 5088 635 5164 qutapeccotum
644 5092 893 5162 ncubademus,
950 5089 1087 5151 illicitos
1108 5087 1288 5161 incitando,
1305 5089 1363 5167 qui
1394 5092 1444 5152 est
1460 5093 1642 5154 vincendus
1656 5098 1750 5171 jeju-

106 5194 165 5243 uos
181 5187 273 5259 ipsos
293 5187 500 5257 effluamus,
524 5184 560 5247 ct
579 5184 713 5248 veritas
738 5189 777 5247 iu
799 5188 896 5251 notu
951 5184 1027 5254 niis,
1039 5184 1175 5262 vigiliis,
1187 5183 1368 5259 laboribus,
1379 5188 1596 5262 orationibus,
1604 5190 1747 5267 aliisque

106 5290 173 5339 nou
189 5283 251 5354 eet,
268 5285 350 5356 quta
366 5285 404 5343 tu
421 5283 540 5344 multis
555 5283 761 5357 offettdtmus
777 5268 896 5347 ornnes
951 5283 1139 5361 hujusmodi
1165 5282 1340 5345 domando.
1363 5285 1449 5345 Hinc
1473 5286 1649 5361 Apostolus
1677 5288 1745 5349 ait:

109 5369 137 5450 (Ι
147 5377 241 5439 ioan.
262 5394 286 5451 1,
305 5378 352 5459 8).
374 5379 471 5440 Solus
492 5381 579 5441 Deus
597 5379 733 5441 estsine
747 5381 894 5456 peccato,
951 5383 1089 5457 castigo
1110 5396 1237 5456 corpus
1265 5396 1392 5451 meum
1424 5382 1460 5442 ct
1480 5385 1517 5442 tc
1541 5384 1748 5447 scrvttutcm

949 5482 1068 5554 redtqo
1081 5476 1111 5558 (I
1128 5478 1202 5540 Cor.
1218 5493 1266 5549 rx,
1285 5477 1353 5556 27).
1368 5479 1408 5539 Et
1423 5478 1520 5538 item:
1536 5480 1746 5553 Mortificate

950 5579 1106 5638 meruero
1130 5576 1248 5637 vestro
1275 5590 1353 5648 quw
1379 5574 1462 5636 suut
1478 5590 1586 5650 super
1611 5578 1747 5644 terram

952 5671 1073 5750 (Gelos.
1090 5688 1139 5745 111,
1155 5670 1200 5750 5).
1218 5671 1389 5733 Secundus
1402 5672 1507 5735 bostis
1522 5678 1630 5746 nocet,
1646 5676 1743 5753 idest,

141 5528 181 5603 (l)
200 5534 308 5593 'litutus
323 5550 447 5609 sequens
463 5536 567 5610 legitur
583 5537 613 5593 in
632 5536 699 5594 Cod.
713 5552 722 5592 .·
736 5536 831 5594 &me
845 5537 897 5595 tete

110 5596 340 5664 dominicatum.
353 5609 479 5682 Legetur
489 5610 517 5665 in
530 5608 653 5666 statione
659 5607 754 5666 Sancti
770 5607 896 5666 silvestri

111 5665 137 5722 ln
152 5674 376 5751 quadragesima.

951 3924 1038 3986 tolus
1058 3925 1124 3986 ait:
1147 3928 1248 3987 Video
1268 3929 1373 3988 atium
1394 3931 1503 4004 copem
1522 3933 1559 3990 tu
1583 3935 1750 3995 membris
1833 3938 1841 3955 ¹
