3952 6188
218 287 280 350 76¹1
684 277 862 346 uouonn
883 278 929 343 111
950 275 1099 343 orm
1113 306 1155 345 ·-.
1167 277 1401 343 SERMONBS
1807 282 1866 344 tte

218 436 1012 520 tempussublegeaMoyseusqneadadventum
1067 436 1146 515 pria
1178 435 1214 499 in
1249 434 1413 516 principio
1446 434 1675 498 conversionis
1707 434 1765 499 ret
1787 434 1868 516 bap-

219 537 353 611 Christi,
367 539 496 615 tempus
517 536 635 614 gratiae
654 535 696 597 ab
724 535 869 597 adventu
890 534 1013 597 Christi
1070 533 1157 595 darni
1169 534 1371 597 confitentur
1385 536 1573 596 Dcumesse
1590 534 1784 596 Dominum.

219 652 325 714 nsqire
337 636 378 698 ad
392 635 492 696 tinem
506 632 632 695 murrdi.
649 633 726 695 Ideo
735 649 815 709 ergo
826 632 932 694 votuit
945 634 1014 693 Do-

219 733 330 797 minus
346 746 507 809 apparere
528 731 645 793 tertius
659 730 748 792 inter
760 730 839 792 illos
854 730 956 802 duos,
978 728 1013 791 ut
1420 754 1513 843 XVI

220 829 411 892 ostenderet
433 844 470 890 se
489 827 665 891 Dominum
679 827 840 906 praeteriti
853 827 1013 904 temporis

219 925 394 1005 praeseniis
414 926 448 988 Θῒ
465 925 579 987 futuri.
594 926 729 997 Qualia,
744 925 782 987 tlt
794 923 933 987 haberet
946 925 1015 986 tes-
1068 949 1116 1011 IN
1137 949 1465 1021 QUADRAGESIMA
1484 950 1692 1012 mmmm
1709 952 1868 1015 TERTIA

219 1023 392 1086 thaonium
405 1023 483 1084 noti
495 1024 528 1084 et
544 1022 665 1083 veteris
686 1021 898 1094 Testamenti,
924 1023 956 1085 et
978 1022 1015 1083 ut

219 1120 408 1184 ostenderet
421 1134 544 1181 seesse
557 1119 732 1181 Dominum
746 1118 931 1196 utriusque.
947 1121 1015 1181 Ve-
1106 1121 1310 1184 Erutlcsus
1332 1123 1472 1195 uuum
1490 1124 1713 1195 emmonim
1734 1124 1868 1186 eitun

218 1217 366 1280 uitinter
378 1217 438 1277 itta
452 1216 516 1278 diro
531 1216 739 1288 testamenta,
752 1215 788 1277 in
803 1216 868 1278 tine
878 1216 1012 1289 veteris,
1067 1218 1146 1279 crat
1160 1218 1306 1280 anuum.
1323 1219 1368 1280 nt
1377 1234 1457 1280 cum
1475 1220 1632 1292 ejecisset
1643 1223 1866 1293 dccmontmu,

219 1314 253 1377 et
265 1314 300 1375 iu
314 1313 478 1392 principio
488 1312 566 1374 nori
581 1313 618 1374 ut
630 1312 785 1389 implerot
806 1313 1014 1391 prophetiam
1066 1314 1198 1376 tocutm
1211 1315 1264 1377 est
1277 1316 1405 1387 mutnus,
1425 1316 1460 1378 et
1475 1316 1660 1377 odoramine
1681 1317 1772 1378 eom
1793 1318 1868 1378 tur·

220 1410 542 1477 Habacucdicentis:
554 1413 1015 1473 lramcdtoduorumautmo·
1067 1412 1119 1473 bce
1139 1408 1234 1490 (inc.
1247 1427 1295 1484 ιι,
1311 1410 1375 1491 14).

219 1506 1012 1584 ltumcopnoscerts.Duorumaiumalinm,idcst,
1108 1507 1866 1586 (limatoquodamhorninededoernoniosrndo

219 1604 256 1667 in
270 1604 380 1667 modio
392 1603 475 1679 legis
487 1604 520 1665 et
530 1603 778 1680 prophetarum,
791 1603 869 1682 plia
879 1604 915 1665 in
925 1605 1014 1680 Lege
1067 1604 1100 1666 et
1110 1606 1200 1667 mrito
1214 1621 1234 1667 n
1249 1606 1388 1668 Domino
1403 1607 1587 1679 salvatore,
1608 1606 1716 1669 turbae
1738 1607 1865 1670 mirata

219 1703 254 1762 et
275 1699 443 1778 prophetis
467 1700 617 1761 Christus
639 1701 851 1776 cognoscitur
871 1702 905 1764 et
920 1701 1015 1762 uide-
1068 1701 1154 1762 snut
1173 1701 1335 1764 Pharisaei
1357 1718 1438 1764 vero
1454 1704 1487 1764 ct
1508 1702 1626 1764 scribac
1651 1703 1769 1765 inflati
1783 1706 1864 1776 sunt,

219 1800 286 1859 tur.
312 1799 399 1871 Lege
418 1794 522 1857 libros
536 1797 672 1873 htoysis
684 1797 758 1873 lege
778 1797 1013 1874 prophetarum
1068 1797 1101 1858 et
1117 1795 1247 1870 turbati,
1263 1802 1297 1859 et
1319 1813 1388 1875 pree
1402 1797 1506 1860 nimia
1528 1798 1655 1860 iliridia
1680 1801 1716 1861 et
1741 1799 1866 1861 malitia

220 1893 335 1960 libros,
351 1893 507 1970 quostiam
526 1892 573 1954 ihi
597 1893 763 1955 Citristum
782 1893 944 1968 irruentes,
966 1894 1013 1956 ibi
1067 1891 1336 1969 blasphemantes
1354 1893 1509 1956 dicebant
1530 1895 1640 1970 ipsum
1661 1910 1733 1956 non
1748 1898 1865 1972 poten-

220 2007 296 2054 eum
311 2005 490 2065 cognosces
503 1991 536 2052 et
551 1988 686 2052 ridebis.
708 1990 758 2052 Ibi
771 1992 862 2053 enim
874 1991 1012 2053 transti-
1070 1988 1114 2050 tia
1129 1989 1402 2062 sttaediviuitatis,
1412 1990 1469 2051 sed
1479 1990 1703 2052 hchelzebub
1716 1991 1861 2060 numine,

219 2088 369 2165 guratar,
399 2086 447 2148 ibi
472 2086 542 2148 suis
564 2087 716 2149 thictibus
737 2090 810 2166 ejns
829 2089 1013 2166 majestatis
1068 2085 1217 2163 principe
1232 2087 1480 2161 daemoniorum,
1496 2104 1615 2150 curam
1636 2088 1865 2165 iangmomset

219 2184 328 2258 gioria
351 2184 529 2246 revelatur.
559 2185 692 2256 Quinta,
722 2187 759 2249 ut
776 2186 1014 2263 adimpleretur
1067 2183 1189 2259 eiicere
1203 2182 1377 2245 tinnientia.
1391 2187 1536 2256 Quorum
1547 2184 1758 2248 insidiamet
1771 2185 1867 2247 mdi-

219 2282 307 2361 qnod
321 2281 357 2343 in
373 2283 459 2357 lege
472 2281 712 2359 scriptumest:
729 2286 774 2345 In
786 2298 849 2347 ore
865 2286 1015 2346 duorum
1067 2278 1148 2340 tiam
1160 2279 1293 2341 intruens
1305 2283 1339 2342 et
1352 2296 1495 2356 angimus
1507 2281 1668 2343 Dominus
1682 2283 1865 2343 secundina

218 2380 282 2442 aut
315 2379 424 2441 crtum
463 2380 604 2442 testium
636 2381 706 2442 stet
736 2394 837 2443 omno
871 2383 1013 2444 verum
1068 2375 1154 2451 quod
1169 2375 1266 2438 modo
1280 2376 1420 2438 scidistis
1434 2377 1469 2438 in
1484 2376 1624 2438 historia
1641 2378 1745 2455 hujus
1758 2381 1868 2441 Erato

219 2473 351 2556 (Matth.
374 2490 471 2548 xvrn,
492 2474 557 2555 16).
574 2479 744 2549 Duorum,
764 2477 892 2539 scilicet
907 2477 1013 2555 Moysi
1066 2470 1159 2547 gelli,
1170 2470 1256 2534 dixit
1268 2473 1374 2534 :Erat
1383 2475 1485 2536 Jews
1494 2476 1637 2547 ejiciens
1646 2477 1868 2537 dammim

218 2573 253 2635 et
272 2573 398 2649 netrae3
423 2574 532 2635 town
553 2573 655 2644 ictu,
678 2573 817 2646 scincet,
846 2574 962 2639 bacon
980 2578 1015 2637 et
1109 2568 1257 2640 osenna·
1272 2569 1349 2630 sunt
1363 2585 1437 2646 sttae
1459 2569 1496 2631 in
1517 2570 1715 2646 evanpcnca
1730 2571 1870 2633 tectione

218 2669 369 2733 Joanuis.
392 2671 431 2730 ln
449 2668 512 2731 hoc
533 2669 607 2733 loco
626 2672 744 2733 Petrus
762 2670 915 2748 designat
937 2686 1015 2749 pet·-
1068 2663 1234 2740 praecipue
1248 2664 1460 2727 considerare
1470 2664 1639 2727 tichomus.
1656 2667 1809 2728 Primum
1821 2666 1867 2728 est

219 2780 336 2827 soriam
358 2766 556 2827 Sanctorum
579 2765 636 2843 qni
662 2770 877 2830 assumuntur
897 2768 939 2830 ad
959 2784 1015 2830 ro-
1068 2759 1108 2821 de
1132 2761 1292 2838 ejectione
1302 2761 1461 2823 dromonis
1477 2762 1580 2838 muti3
1596 2763 1731 2839 legitur
1753 2764 1791 2825 in
1806 2764 1864 2826 hoc

220 2877 321 2939 gurim
334 2860 405 2932 Dei,
420 2861 551 2939 qnando
561 2861 694 2923 dicuulz
709 2865 841 2925 Malum
857 2866 934 2926 erat
946 2878 1013 2927 no-
1068 2857 1469 2933 Evaiigetimnrotlesus
1487 2863 1627 2932 ejicietis
1641 2863 1868 2935 daernorttum,

219 2961 270 3021 bts
287 2973 362 3021 esse
380 2961 418 3020 tn
433 2960 571 3030 rutundo,
591 2962 653 3022 sed
673 2963 796 3023 rrectius
817 2962 870 3023 est
888 2976 962 3024 esse
975 2966 1014 3025 m
1067 2953 1101 3015 et
1115 2956 1196 3016 suu
1209 2956 1289 3016 crat
1296 2956 1443 3017 mutum.
1454 2956 1759 3034 Daernoniumquot
1773 2958 1869 3035 ejecit

217 3061 311 3119 coem.
326 3053 580 3118 Undenioehatg
594 3059 741 3119 Domine
752 3059 878 3120 nonum
889 3059 1014 3122 estnon
1066 3049 1225 3125 Dominus·
1247 3053 1346 3115 Jesus
1365 3052 1487 3115 dicitur
1505 3052 1610 3117 luisse
1631 3056 1773 3126 mutum,
1789 3056 1866 3133 quiin

218 3156 377 3226 btcesse;
390 3155 423 3215 st
435 3156 500 3225 nis,
515 3155 686 3228 suciamus
699 3157 754 3217 liic
768 3155 1015 3218 trusionem.
1067 3144 1210 3209 iaciebat
1229 3147 1408 3223 hominem,
1433 3165 1529 3228 quem
1560 3151 1763 3227 possidebat,
1790 3167 1867 3213 esse
1973 3222 1974 3235 χ

217 3255 305 3323 outa,
332 3250 393 3313 titt
417 3266 537 3324 unum,
571 3254 683 3333 Moysi
710 3267 831 3326 unum,
865 3254 899 3317 et
926 3255 1014 3317 551ae
1067 3243 1203 3306 mutum.
1219 3247 1276 3307 Est
1290 3245 1871 3324 euimquoddamgcnnsdaemonio-

218 3343 633 3426 unum(n[attn.xv11,4).
1068 3357 1140 3402 rum
1166 3342 1252 3419 qnod
1276 3341 1376 3405 liabct
1395 3343 1482 3405 istud
1503 3344 1539 3406 in
1561 3347 1739 3422 potestate,
1753 3349 1790 3408 ut
1807 3346 1870 3408 ho-

257 3443 336 3505 'rria
348 3442 564 3506 tabernacula
579 3444 769 3521 significant
785 3446 852 3509 ties
869 3445 1013 3510 distinc-
1067 3437 1174 3500 11111101
1187 3455 1269 3516 (11101
1284 3439 1455 3514 invaserit,
1465 3440 1567 3503 fatiat
1579 3457 1655 3504 08⁸0
1667 3444 1791 3505 mutos·
1806 3442 1888 3506 Sed'
1973 3488 1974 3505 ,

218 3539 325 3603 tionos
358 3539 578 3604 habitantium
614 3542 647 3602 in
682 3542 778 3605 coelo.
815 3545 927 3606 Prima
961 3548 1013 3607 est
1066 3538 1281 3615 eaquaettutc
1297 3535 1430 3598 suerunt
1448 3536 1575 3608 sucina
1590 3539 1735 3602 Domino
1750 3555 1869 3618 coryto-

218 3651 334 3699 eornm
348 3637 406 3714 qni
427 3641 505 3699 snut
529 3639 672 3714 proximi
692 3640 876 3710 Divinitati,
899 3642 932 3704 et
953 3642 1012 3704 itta
1066 3634 1193 3708 taliter,
1210 3633 1308 3696 hodie
1325 3634 1408 3697 tinnt
1420 3633 1456 3697 in
1471 3635 1620 3698 Ecclesia
1632 3637 1868 3715 spiritualiter.
1973 3634 1974 3683 1

218 3733 270 3793 eet
291 3732 454 3808 superior.
478 3734 628 3796 Secunda
647 3736 698 3797 ost
720 3750 835 3797 eorum
857 3736 914 3814 qni
935 3739 1013 3801 sum
1067 3731 1106 3794 nt
1120 3732 1206 3794 sicut
1219 3731 1569 3811 tulmejccitDomiuus
1581 3733 1784 3796 daemonium
1797 3751 1870 3797 mu·
1973 3786 1974 3821 ,

216 3827 330 3893 medii.
347 3827 458 3889 Tertia
481 3829 533 3890 est
554 3845 669 3890 eorum
691 3830 840 3907 quisunt
858 3833 966 3896 ultimi
981 3837 1014 3897 et
1065 3831 1137 3892 tum
1151 3829 1192 3891 ab
1207 3829 1408 3903 homine‚ita
1419 3846 1508 3893 unito
1522 3831 1622 3909 ejecit
1633 3831 1737 3893 multa
1748 3846 1870 3909 aquo-
1973 3828 1974 3907 ᾗ

218 3923 403 3997 novissimi.
428 3926 466 3986 ln
486 3923 847 4003 primesuntperiecti,
864 3929 1013 4006 quisunt
1067 3926 1149 3990 tibet
1166 3927 1351 4007 peccatore.
1380 3927 1587 3990 Daemonium
1610 3931 1741 3991 mutum
1756 3931 1809 3991 est
1833 3930 1870 3991 iu

217 4021 351 4105 figurati
371 4038 431 4102 per
451 4022 626 4084 Dominum
647 4025 761 4086 lesum
781 4024 958 4088 Christum.
975 4030 1011 4091 ln
1067 4023 1211 4097 homine,
1227 4024 1358 4101 quando
1372 4024 1452 4086 lacit
1465 4026 1651 4102 peccatum,
1665 4027 1700 4089 et
1714 4042 1784 4088 non
1797 4026 1870 4088 vult
1973 4080 1974 4091 ,

216 4119 362 4181 sectanda
376 4118 630 4198 imperfectioni
645 4120 833 4197 ligurantur
847 4125 1014 4203 perittoy·
1066 4120 1229 4198 poenitere
1250 4120 1292 4182 ‹te
1314 4121 1373 4183 illo
1394 4123 1545 4199 peccato,
1561 4123 1642 4200 qiua
1660 4123 1795 4185 daemon
1814 4123 1871 4200 qul

217 4230 287 4277 sen.
309 4217 346 4277 Iu
366 4216 465 4278 tertia
488 4217 606 4279 novitii
629 4217 686 4295 qui
710 4219 941 4294 significantur
953 4238 1013 4300 por
1065 4217 1236 4280 invaserat
1245 4234 1332 4291 eum,
1345 4220 1436 4281 tenet
1445 4218 1632 4295 religatum.
1642 4220 1743 4283 Unde
1755 4220 1870 4282 henim

215 4313 357 4375 Heliam.
370 4313 512 4376 Perlecti
523 4313 754 4391 significantur
763 4332 824 4393 per
830 4317 1009 4393 Christum,
1066 4315 1246 4390 Gregorius
1261 4336 1269 4375 e
1282 4332 1301 4375 u
1315 4317 1440 4378 Beatus
1453 4316 1559 4393 cnlpae
1574 4316 1658 4392 ligat
1671 4318 1818 4379 mentem
1828 4332 1870 4379 ne

216 4411 273 4489 qui
298 4410 346 4473 ita
381 4411 518 4489 reliquit
541 4412 654 4474 omnia
679 4430 755 4475 cum
781 4415 825 4476 sit
851 4416 1012 4478 Dominus
1066 4427 1204 4487 surgere
1225 4411 1330 4489 possit
1351 4412 1392 4473 ad
1414 4412 1691 4475 rectitudinem.»
1715 4417 1757 4478 Bt
1776 4414 1870 4477 Sato-

215 4508 374 4581 omnium‚
397 4508 433 4571 ut
455 4525 522 4570 non
543 4508 680 4572 haberet
705 4510 761 4571 irbi
784 4513 883 4588 caput
906 4514 1011 4575 recti·
1066 4524 1143 4569 mon
1160 4528 1168 4568 :
1183 4509 1391 4583 responaens
1408 4524 1483 4570 sum
1503 4511 1870 4587 cupientissuma

216 4606 321 4677 naret,
352 4604 436 4667 sicut
460 4605 582 4682 legitur
602 4606 637 4668 in
658 4608 865 4684 Evangelio:
891 4612 1011 4685 Vulpes
1064 4607 1204 4680 mnibus
1216 4605 1436 4680 peecatorum
1457 4621 1603 4669 morum
1617 4624 1755 4683 quoquc
1772 4625 1872 4673 cons

214 4701 332 4773 foveas
357 4701 492 4773 nubent,
534 4703 569 4763 ct
602 4707 757 4766 omucres
792 4706 868 4768 coeli
900 4709 1009 4778 nidos,
1066 4702 1235 4779 innuitur
1265 4700 1378 4780 (Pron.
1407 4719 1438 4775 v,
1466 4700 1533 4781 22).
1565 4704 1767 4781 iniquitates
1795 4706 1872 4768 sunt

215 4795 307 4867 littus
321 4796 439 4857 autem
458 4800 606 4859 hominis
625 4814 694 4861 raon
711 4802 809 4862 uocet
830 4805 887 4864 unt
908 4805 1012 4877 eaput
1066 4797 1247 4859 criminaet
1259 4797 1871 4874 peccata,delectationesetdesideria

215 4890 357 4951 rectinet
381 4889 679 4973 (Mattianum).
696 4897 1009 4977 unpertecusigni-
1064 4894 1163 4955 mala·
1178 4895 1244 4957 Ista
1257 4896 1369 4957 tenent
1384 4898 1590 4972 peccatorem
1608 4901 1758 4976 captum,
1769 4899 1869 4971 idest,

214 4982 357 5044 ficantur
386 4999 446 5060 per
467 4986 615 5061 Moysen,
648 4987 726 5065 quia
756 4994 907 5067 quamuis
938 4996 1010 5073 ipse
1064 4990 1217 5066 ligatum:
1234 4991 1364 5054 etsicut
1378 4994 1634 5071 corpusligatur
1646 5012 1710 5073 per
1723 4996 1872 5061 iuneset

215 5076 380 5155 perlectus
400 5076 548 5139 fueritin
574 5083 789 5155 generatione
810 5102 882 5161 sua,
897 5091 1008 5153 tamen
1064 5088 1131 5150 alia
1144 5087 1334 5164 ligamenta,
1351 5089 1398 5153 ita
1412 5091 1525 5152 anima
1535 5091 1661 5167 ligatur
1669 5094 1876 5173 periniqui-

214 5189 337 5235 uxores
362 5175 395 5235 et
422 5173 509 5235 tilios
533 5175 659 5238 habuit.
690 5181 781 5246 Sicut
804 5186 893 5247 enim
929 5189 1011 5252 dicit
1062 5185 1160 5258 tates,
1183 5186 1217 5248 et
1241 5185 1392 5259 crimina,
1417 5202 1460 5250 nc
1483 5188 1589 5265 possit
1602 5204 1680 5251 esse
1699 5190 1825 5266 libera,
1842 5193 1877 5254 et

214 5271 436 5346 Hieronymus
465 5291 473 5330 ι
510 5273 691 5347 Perfectus
725 5293 849 5344 servus
881 5287 1010 5348 curun
1062 5281 1299 5343 voluntariam
1316 5282 1471 5359 operibus
1485 5283 1593 5346 bonis.
1609 5287 1657 5347 De
1672 5285 1728 5347 his
1749 5289 1877 5353 vinca-

215 5369 299 5429 ntlu‘l
324 5367 424 5428 nabet
455 5367 797 5439 pretereuntem.
822 5379 912 5442 illias
945 5381 1008 5444 de·
1063 5377 1556 5445 tisaitIsaias:Sotocotncutu
1566 5383 1876 5462 muttoncapuva
1973 5404 1974 5449 t

215 5460 326 5534 signat
363 5460 517 5531 novitios,
551 5463 608 5538 qur
646 5466 882 5548 interpretatur
915 5480 1009 5540 oeus
1061 5477 1134 5549 ulia
1154 5478 1246 5548 sun,
1273 5476 1313 5537 ut
1328 5479 1443 5551 poseo
1464 5480 1624 5552 mactum
1645 5478 1705 5561 (n.
1735 5497 1799 5555 nn,
1825 5483 1873 5563 2)-

216 5569 313 5615 mcus
344 5557 521 5624 Douctnus,
554 5560 638 5634 quod
672 5563 756 5628 bene
779 5572 933 5634 convenit
953 5573 1005 5648 iis,
1063 5573 1143 5635 Sion
1179 5572 1417 5651 interpretatur
1445 5576 1592 5654 specula,
1626 5578 1660 5639 et
1695 5578 1875 5657 significat
