3980 6198
128 318 294 377 «243

230 458 568 557 memorati.'hdjecil
593 479 691 540 etiam
724 479 871 556 eiusdem
896 482 1025 543 cernitis

231 575 435 651 procurator,
450 575 535 653 quod
551 577 747 653 saepedictus
761 580 813 638 W.
830 580 1025 641 auctoritate

226 674 298 750 jam
315 672 394 734 dicti
409 674 662 749 praedecessoris
687 676 791 738 nostri
810 677 877 738 alia
899 679 950 739 est
965 694 1027 738 en-

104 754 107 761 ⁴
216 770 527 857 vcommunicatione
542 772 676 847 ligatus,
693 773 732 834 de
757 790 823 851 qua
849 775 885 835 in
907 774 1026 836 litteris

231 867 272 927 ad
283 870 353 944 jam
367 868 489 930 dictum
504 867 655 932 abbatem
672 872 784 933 Sancti
799 873 970 933 Laurentii
994 874 1028 933 et

231 965 419 1042 conjudices
432 970 505 1044 ejus
518 968 653 1030 directis
666 968 791 1031 nullam
807 970 885 1031 iecit
895 970 1026 1048 penitus

231 1064 455 1125 mentionem:
474 1081 577 1143 quare
599 1066 693 1143 petiit
708 1067 876 1145 saepedicti
897 1068 1026 1129 comitis

230 1162 436 1237 procurator,
451 1165 486 1224 ut
502 1179 570 1232 eas,
584 1164 625 1225 ob
641 1181 759 1226 causas
772 1165 1026 1242 praedictasde-

231 1273 443 1321 cerneremus
458 1260 571 1323 irritas
589 1262 623 1324 et
643 1262 771 1324 inanes.
789 1264 872 1336 Quia
893 1279 973 1326 uero
990 1263 1025 1323 in

231 1443 388 1502 bordrccht
402 1453 430 1503 ct
444 1446 480 1503 ad
498 1447 694 1523 Hardmglem,
709 1451 787 1508 etad
805 1449 922 1519 Ledam,
941 1457 969 1508 et
990 1450 1026 1509 ad

229 1532 337 1603 hrlem,
350 1541 378 1590 et
395 1535 430 1592 ad
445 1550 618 1610 quamquam
633 1538 744 1597 illarum
769 1539 854 1597 debet
876 1539 1025 1604 mandare.

229 1627 258 1678 et
269 1621 437 1681 siemouere
447 1623 579 1695 hemines¹
593 1627 812 1687 omnesvlcinos
822 1637 850 1685 et
860 1628 1026 1702 adjacentes

230 1710 269 1769 illi
284 1712 368 1781 villae,
383 1720 411 1770 et
426 1715 580 1787 praecipere
595 1716 647 1785 eis,
662 1723 692 1774 ut
704 1718 800 1774 comiti
816 1716 851 1774 de
867 1720 922 1775 Los
937 1717 1028 1775 homi·

231 1800 310 1856 nium
326 1798 430 1858 iaciant
444 1811 473 1860 ct
486 1802 660 1874 lldelitatem,
674 1812 702 1862 et
718 1805 852 1863 dominus
866 1806 1027 1865 willelmus

230 1904 333 1946 omues
346 1888 478 1949 homines
492 1892 554 1949 illos
570 1893 742 1963 ulldelitate,
762 1910 847 1966 quam
860 1896 886 1951 ci
902 1894 1028 1952 lecerunt

230 1979 347 2037 omniuo
357 1979 461 2037 liberos
474 1988 502 2038 et
517 1980 661 2039 absolutos
675 1978 845 2043 clatnabitet
859 1983 991 2053 dimittet,
1000 1992 1028 2041 et

229 2067 254 2123 si
269 2068 316 2139 qui
331 2066 450 2126 rebelles
464 2066 566 2127 luerint
580 2070 712 2131 domiuus
727 2073 887 2131 willelmus
903 2073 938 2130 ad
952 2088 1028 2130 sum-

230 2155 396 2214 missionem
409 2159 522 2216 eemitis
531 2158 566 2216 de
577 2163 633 2218 Les
647 2159 731 2219 debet
746 2177 811 2219 eum
821 2162 924 2237 juvare
934 2162 1028 2220 semel

231 2243 268 2302 atl
287 2244 349 2302 illos
363 2244 551 2306 destruendos
571 2256 599 2304 et
614 2248 766 2323 lugendos,
787 2265 841 2308 nec
863 2267 912 2308 eos
935 2258 1029 2324 polest

229 2331 364 2392 dominus
380 2336 540 2394 Willelmus
554 2338 677 2396 retinere
697 2341 742 2396 vel
753 2339 864 2413 iuvare,
878 2355 1028 2413 quousque

232 2421 268 2479 ad
283 2421 446 2481 fidelitatem
461 2432 489 2483 et
510 2425 670 2484 hominium
692 2430 806 2486 comitis
827 2428 862 2486 de
878 2430 934 2486 Les
948 2436 978 2485 et
992 2428 1028 2485 de

231 2510 379 2570 Ilollandia
394 2514 534 2583 venerint,
550 2522 579 2572 et
591 2514 647 2573 hoc
658 2517 768 2590 pepigit
777 2517 911 2575 domiuus
924 2518 1029 2576 Willel·

231 2613 295 2657 mus
316 2601 413 2658 comiti
434 2601 470 2659 dc
491 2604 547 2661 Les
566 2603 641 2661 bona
662 2603 726 2661 lide.
746 2607 885 2664 Dominus
900 2605 1029 2664 marchio

231 2688 434 2747 Namurceusis
448 2690 532 2749 debet
547 2693 657 2749 mittere
677 2694 793 2751 nuntios
810 2710 878 2753 suos
897 2710 963 2752 cum
982 2695 1029 2753 do

232 2776 310 2832 mino
323 2778 475 2848 willelmo,
490 2787 518 2838 et
532 2795 597 2838 cum
612 2784 717 2841 comite
736 2782 772 2840 de
792 2785 848 2841 Les
870 2782 905 2841 nd
918 2785 1028 2841 curiam

231 2863 338 2922 domini
358 2867 484 2941 episcopi
500 2868 699 2942 Traiectensls,
715 2879 744 2930 ct
759 2873 795 2930 ad
817 2874 928 2931 curiam
948 2872 1031 2931 ducis

232 2953 430 3026 Levaniensis,
446 2959 515 3015 etin
531 2959 723 3030 llollandiam,
737 2968 765 3019 et
784 2976 883 3019 eorum
900 2963 1028 3021 testimo·

233 3041 281 3099 nio
292 3044 411 3116 quisque
426 3043 510 3105 debet
527 3054 584 3104 tam
600 3063 698 3106 comes
711 3048 746 3107 de
759 3053 823 3120 Les,
841 3066 926 3123 quam
943 3049 1032 3109 domi·

234 3145 288 3188 nus
308 3133 468 3192 Willelmus
489 3134 551 3194 haec
579 3139 768 3210 quantocitius
795 3140 918 3213 potuerit
939 3139 1029 3198 adim·

233 3219 320 3293 plere.
337 3223 475 3297 Praecepit
489 3240 602 3299 quoque
617 3225 751 3286 dominus
764 3228 892 3287 marchio
907 3231 1029 3287 Namus-

233 3309 328 3368 censis
340 3311 409 3383 lpsis
424 3314 530 3372 nuntiis
542 3316 571 3372 in
584 3314 718 3375 fidelitate
731 3325 760 3375 et
772 3317 935 3390 juramento
956 3317 1031 3391 quod

233 3399 276 3456 cis
298 3396 434 3471 lacerant,
456 3403 532 3476 quod
557 3404 619 3463 hec
639 3404 715 3464 bona
738 3406 794 3465 lide
816 3407 953 3481 perllcere
977 3402 1045 3466 stu·'

233 3485 320 3546 deant
333 3489 363 3546 in
379 3490 514 3550 omuibus
523 3508 609 3566 supra
620 3492 680 3568 jam
694 3494 786 3553 dlctis.
799 3495 844 3553 nd
858 3496 1030 3569 perficienda

233 3590 297 3648 que
311 3577 385 3636 dicta
399 3587 466 3639 eunt
480 3580 530 3638 ibit
543 3597 642 3640 comes
651 3583 687 3640 de
700 3585 756 3640 Les
769 3584 822 3641 sub
833 3585 975 3644 conductu
985 3586 1032 3644 do

234 3665 304 3722 mini
316 3666 462 3739 Willelmi,
473 3676 501 3727 et
512 3667 645 3728 dominus
654 3670 815 3729 Willelmus
827 3673 879 3731 sub
889 3674 1031 3733 conductu

233 3754 347 3812 comitis
359 3754 395 3813 de
408 3758 478 3829 Los;
499 3759 534 3814 iis
550 3774 663 3832 quoquc
678 3762 801 3833 peractis
816 3762 973 3820 secundum
987 3780 1031 3821 re·

233 3842 370 3902 lationem
382 3853 410 3904 et
418 3845 645 3905 recordationem
654 3849 816 3907 nuntiorum
822 3849 883 3924 jam
891 3851 1030 3911 dictorum

233 3930 367 3990 dominus
378 3934 538 3992 Willelmus
553 3934 668 3993 obsides
683 3937 791 4011 positos
806 3938 952 3997 rehabebit
965 3942 1032 3999 libc-

233 4035 291 4079 ros.
308 4023 377 4079 llaec
388 4022 485 4079 omnia
496 4037 595 4082 comes
608 4025 644 4082 de
660 4028 725 4096 hos,
737 4034 765 4084 et
775 4027 908 4087 dominus
919 4031 1028 4089 Willel·

233 4123 298 4166 mus
311 4108 386 4169 bona
406 4109 471 4183 lide,
485 4120 514 4171 et
532 4113 594 4170 sine
611 4116 687 4173 male
703 4116 822 4190 ingenie
837 4116 943 4177 debent
955 4136 1031 4178 com-

841 321 1016 383 HONORll
1038 320 1083 382 111
1104 318 1252 379 OPERA.

1819 317 1880 374 244

1082 482 1173 541 tanta
1180 477 1268 555 juris
1277 475 1511 537 contrarietate
1519 474 1772 551 proponentium
1785 474 1881 536 nobis

1080 578 1120 638 de
1134 577 1273 637 veritate
1283 590 1349 635 non
1358 572 1586 643 constatdisc.
1599 589 1631 632 ι’.
1643 589 1687 632 ιιι.
1704 574 1879 648 quatenus,

1081 676 1109 736 si
1124 676 1320 752 procurator
1335 672 1483 749 praedicti
1499 672 1552 731 W.
1563 670 1651 731 inira
1666 672 1735 732 tres
1751 686 1881 731 menses

1080 774 1154 850 post
1166 772 1311 849 prinmrn
1323 771 1500 833 terminum
1515 768 1579 829 sibi
1591 768 1764 845 superhoc
1778 768 1882 844 assig-

1081 872 1195 932 natum
1218 868 1361 941 anobis,
1379 867 1520 945 probare
1546 867 1692 945 potuerit
1710 866 1883 942 exceptio-

1081 985 1151 1041 nes,
1179 983 1262 1045 quas
1290 982 1403 1028 coram
1430 965 1681 1042 archiepiscopo
1710 965 1882 1041 proposuit

1082 1065 1274 1143 saepedicto;
1298 1063 1452 1126 uidelicet
1473 1062 1664 1124 mandatum
1688 1077 1726 1123 re
1750 1062 1881 1137 integra

1082 1163 1283 1241 exspirasse,
1292 1162 1345 1224 vel
1359 1178 1396 1222 se
1406 1162 1441 1222 in
1453 1176 1589 1222 causam
1601 1159 1689 1222 trabi
1701 1160 1790 1222 ultra
1800 1158 1881 1220 duas

1081 1261 1197 1323 diaetas
1212 1262 1327 1322 contra
1341 1259 1610 1321 constitutionem
1625 1257 1767 1319 concilii
1780 1272 1883 1333 gene-

1083 1445 1195 1516 luerint,
1206 1444 1282 1519 quod
1297 1446 1431 1505 domiuus
1444 1443 1608 1505 Willelmus
1622 1458 1709 1517 posse
1720 1457 1806 1501 suum
1818 1440 1882 1498 inde

1081 1551 1138 1593 non
1158 1535 1266 1605 lecerit,
1282 1534 1416 1592 dominus
1430 1532 1558 1591 marchio
1572 1532 1781 1590 Namurccusis
1798 1530 1881 1589 debet
1909 1536 1916 1559 ⁸

1081 1639 1147 1682 cum
1163 1638 1269 1697 cogere
1288 1630 1316 1680 et
1330 1623 1451 1696 ostagiis
1465 1622 1575 1696 positis,
1589 1628 1618 1679 et
1631 1621 1769 1679 omnibus
1787 1619 1881 1677 modis

1081 1722 1112 1772 ut
1121 1728 1185 1771 eam
1194 1711 1309 1783 reddat;
1322 1712 1346 1770 si
1356 1720 1451 1771 autem
1463 1710 1605 1768 testificati
1615 1709 1719 1769 luerint
1729 1710 1807 1782 quod
1818 1707 1882 1766 inde

1082 1802 1215 1860 dominus
1228 1801 1390 1861 willelmus
1409 1816 1492 1874 posse
1511 1815 1595 1857 suum
1608 1798 1718 1869 lecerit,
1733 1798 1808 1856 liber
1820 1796 1882 1854 inde

1082 1898 1111 1948 et
1131 1892 1244 1963 quietus
1266 1888 1351 1947 debet
1375 1902 1542 1959 remanere;
1564 1887 1699 1946 domiuus
1721 1889 1884 1947 Willclmus

1083 1980 1215 2037 homiues
1237 1994 1307 2036 suos
1322 1978 1357 2036 de
1372 1978 1522 2036 Hellandia
1546 1985 1575 2035 et
1599 1976 1780 2035 descendis
1802 1977 1884 2036 debet

1083 2067 1151 2126 dare
1163 2067 1289 2138 obsides,
1304 2074 1333 2125 et
1348 2066 1442 2124 lacere
1454 2067 1551 2140 jurare
1563 2065 1674 2139 quodsi
1689 2066 1718 2123 in
1734 2066 1883 2140 supradie-

1083 2159 1119 2215 tis
1140 2155 1395 2230 compositionibus
1423 2164 1451 2214 et
1471 2155 1710 2213 conventionibus
1738 2155 1884 2225 deiiceret,

1083 2247 1216 2304 homines
1230 2246 1269 2303 illi
1284 2253 1381 2304 essent
1396 2244 1423 2302 ei
1444 2246 1473 2302 in
1486 2252 1700 2314 nocumentum,
1718 2252 1748 2301 et
1768 2244 1885 2303 domino

1084 2335 1242 2393 marchioni
1274 2334 1463 2393 Namurcensi
1494 2334 1523 2390 in
1548 2333 1700 2403 auxilinm,
1735 2349 1886 2407 quousque

1084 2425 1266 2482 entendatum
1281 2430 1357 2481 esset
1371 2424 1491 2481 consilio
1512 2423 1599 2480 euriae
1614 2422 1812 2481 Flandrcnsis.
1828 2425 1883 2481 lte·

1083 2514 1198 2587 signato
1213 2514 1319 2587 quippe
1331 2512 1455 2585 (videtur
1470 2512 1612 2584 tepentium
1628 2511 1755 2585 quoque)
1770 2513 1885 2570 leudos

1083 2603 1188 2661 comite
1202 2602 1237 2660 de
1259 2604 1315 2660 Los
1336 2603 1366 2658 in
1385 2615 1502 2659 manum
1524 2599 1633 2657 domini
1656 2599 1781 2677 Philippi
1807 2618 1883 2658 mar·

1083 2690 1195 2749 chionis
1209 2691 1422 2759 Namurcensis,
1438 2690 1525 2763 bajuli
1541 2688 1690 2758 Flandriau
1700 2690 1779 2763 quod
1791 2690 1882 2748 Theo·

1083 2780 1196 2838 doricus
1210 2794 1308 2837 comes
1328 2778 1485 2837 llollandiae
1502 2779 1610 2838 ultimis
1628 2778 1812 2836 diebusvitae
1827 2795 1886 2837 strae

1087 2871 1174 2928 tenuit
1189 2884 1205 2926 a
1220 2868 1336 2925 domiuo
1351 2868 1455 2926 comite
1466 2867 1615 2937 Flandriae,
1627 2875 1655 2925 ct
1670 2867 1738 2925 inde
1751 2867 1884 2925 adhaere·

1086 2958 1173 3018 ditato
1206 2957 1321 3017 domino
1348 2959 1507 3027 Willelmo,
1538 2958 1702 3016 testimonio
1733 2958 1886 3016 houiitmm

1086 3046 1225 3106 Plandrlae
1246 3062 1332 3122 super
1351 3045 1482 3120 praedicta
1498 3061 1568 3120 paee
1583 3055 1611 3104 et
1626 3047 1821 3105 conventione
1843 3056 1881 3106 te·

1086 3136 1179 3195 nenda
1192 3136 1367 3210 hostagiaria
1384 3134 1536 3194 Ledeuric.
1552 3151 1651 3194 eomes
1669 3135 1705 3194 de
1720 3138 1779 3194 Les
1803 3144 1834 3194 ct
1852 3137 1886 3194 de

1087 3225 1235 3283 llollandla
1256 3226 1423 3296 concesssit,
1439 3234 1467 3283 ct
1489 3226 1599 3299 pepigit
1618 3225 1735 3282 domino
1751 3226 1885 3299 Philippo

1086 3314 1245 3373 marellioni
1259 3316 1448 3374 h'amurcensi
1460 3314 1496 3372 ad
1508 3314 1570 3388 ejus
1582 3313 1686 3372 dictum
1699 3314 1885 3372 etarbitrium

1086 3412 1114 3462 et
1128 3405 1239 3463 consilii
1260 3405 1304 3461 eui
1324 3403 1359 3463 de
1373 3405 1564 3462 conuentione
1584 3404 1769 3477 interipsum
1792 3413 1822 3463 et
1836 3403 1885 3461 do·

1086 3494 1196 3550 minum
1207 3493 1382 3551 Willelmum
1397 3493 1519 3553 tenenda
1536 3508 1617 3567 pace,
1635 3500 1662 3551 et
1678 3494 1757 3549 omni
1773 3508 1887 3567 compo

1086 3583 1189 3639 sitione
1206 3581 1275 3640 dare
1290 3580 1496 3655 hostagiariam
1516 3590 1545 3639 et
1566 3582 1768 3652 securitatem3
1792 3582 1887 3640 videli·
1978 3608 1979 3643 ι

1086 3671 1233 3743 estquod
1254 3684 1351 3728 eoram
1371 3672 1506 3744 episcopo
1529 3671 1704 3745 trejectensi
1724 3678 1814 3743 ponet
1828 3679 1884 3728 ter-

1087 3774 1147 3818 ram
1163 3759 1323 3818 hollandiae
1334 3761 1362 3817 in
1373 3759 1601 3835 hostagiariam:
1618 3758 1694 3833 quod
1707 3759 1732 3817 si
1745 3759 1887 3832 praedictis
1978 3774 1979 3799 l

1086 3849 1339 3924 compositionibus
1355 3855 1383 3907 et
1397 3849 1634 3906 conventionibus
1648 3846 1794 3919 deficeret,
1813 3857 1886 3907 term

1086 3941 1131 3998 illa
1147 3945 1309 3996 remaneret
1328 3938 1357 3995 in
1373 3950 1460 3996 manu
1480 3938 1570 4012 ipsius
1592 3938 1731 4012 episcopi,
1748 3938 1788 3995 ita
1812 3937 1886 4011 qued

1085 4027 1227 4087 comesdc
1243 4028 1299 4084 Les
1314 4026 1384 4083 nihil
1401 4026 1540 4101 reciperet
1556 4028 1668 4083 interim
1690 4028 1718 4083 in
1735 4033 1811 4084 terra
1828 4028 1885 4095 illa,

1086 4132 1234 4192 quousque
1255 4116 1438 4175 emendatum
1458 4124 1536 4175 essct
1549 4116 1670 4174 consilio
1690 4118 1779 4173 curiae
1800 4117 1884 4175 Flan-

233 4197 1030 4283 plere.[lominusWillelmusdebetmlttereinhngliam
1085 4206 1206 4276 mensis,
1224 4214 1252 4263 et
1266 4207 1376 4264 litteras
1397 4212 1527 4279 patentes
1551 4205 1640 4279 ipsius
1654 4206 1783 4279 episcopi
1803 4206 1888 4264 debet

233 4285 348 4344 nuntios
360 4303 427 4347 suos
442 4290 477 4348 ad
487 4290 682 4351 rehabendum
696 4302 810 4367 neptem
821 4311 914 4366 suam,
927 4304 955 4355 et
965 4313 1029 4355 eam
1085 4310 1183 4353 cemes
1197 4295 1233 4353 de
1247 4298 1303 4354 Les
1318 4294 1420 4352 exinde
1435 4296 1529 4352 lacere
1540 4294 1646 4352 habere
1660 4294 1793 4368 Philippo
1806 4312 1882 4353 mar·

233 4373 407 4435 reddendam
426 4380 523 4439 comiti
544 4380 580 4439 de
595 4384 660 4452 Les,
677 4390 704 4441 et
719 4384 744 4441 si
759 4400 809 4456 per
827 4387 942 4444 nuntios
961 4402 1031 4444 suos
1085 4385 1181 4444 ebioni
1195 4385 1393 4453 namurcensi,
1405 4391 1582 4457 quatuorque
1597 4383 1705 4441 insulas
1723 4399 1816 4457 supra
1831 4400 1882 4443 no·

232 4478 297 4520 cam
307 4467 445 4526 rehabere
457 4484 513 4526 nen
529 4472 657 4544 potuerit
673 4474 765 4530 nuntii
781 4474 820 4530 illi
830 4473 935 4531 debent
950 4476 974 4532 ei
987 4490 1031 4532 ac
1085 4474 1208 4533 minatae
1236 4475 1437 4547 Scarpenesse‚
1462 4474 1612 4542 buvelant
1642 4473 1828 4544 Stavenesse‚
1857 4482 1885 4531 et

233 4553 346 4625 quirere
358 4556 540 4629 conductum,
556 4567 587 4618 ut
601 4560 663 4633 ipsc
683 4561 749 4619 illue
769 4562 810 4618 irc
824 4563 915 4636 possit
930 4580 937 4619 :
954 4563 1030 4635 quod
1084 4562 1247 4631 Drleshore,
1261 4568 1290 4620 et
1308 4562 1456 4620 castellnm
1472 4559 1507 4620 dc
1522 4561 1598 4619 Leda
1613 4577 1678 4618 cum
1692 4562 1760 4620 villa
1775 4571 1884 4620 etcum

231 4641 256 4699 si
272 4658 329 4701 non
345 4649 497 4719 potuerint,
513 4648 646 4707 dominus
663 4650 811 4724 Philippus
828 4651 957 4709 marchio
969 4654 1027 4711 Na·
1085 4660 1144 4710 toto
1159 4650 1358 4724 allodio,qu0d
1370 4658 1413 4709 est
1426 4651 1454 4707 in
1465 4650 1629 4708 castellania
1641 4651 1697 4719 illa,
1708 4667 1773 4723 quae
1786 4654 1885 4709 omniu

148 4757 151 4765 ·
233 4735 390 4793 murceusis
406 4735 490 4795 debet
504 4737 531 4794 ei
546 4736 717 4795 conductum
732 4740 811 4796 illum
827 4741 984 4813 acquirere,
1001 4751 1030 4801 et
1085 4742 1121 4799 ad
1133 4741 1290 4799 dominium
1301 4739 1452 4797 etleudum
1465 4736 1687 4796 Plandriaedcdit
1698 4739 1775 4797 idem
1786 4755 1886 4798 comes

231 4820 256 4877 ei
271 4820 332 4893 ipse
346 4820 478 4882 domiuus
489 4825 651 4883 Willelmus
663 4826 691 4883 in
704 4828 817 4899 propria
832 4844 952 4900 persona
964 4846 1030 4888 eam
1084 4831 1120 4888 de
1135 4833 1190 4887 Les
1205 4828 1282 4887 etde
1298 4828 1457 4886 Hellandia.
1472 4828 1571 4886 Posuit
1586 4828 1674 4885 etiam
1691 4828 1720 4884 in
1736 4827 1885 4903 hostagia·

232 4922 290 4967 non
300 4909 474 4982 rehabuerit,
490 4921 519 4970 et
533 4913 666 4972 dominus
683 4914 812 4971 marchio
825 4918 1030 4977 Namurceusis
1084 4919 1167 4989 riam,
1183 4917 1259 4991 quod
1277 4918 1302 4975 si
1316 4915 1470 4974 deficerent
1487 4919 1515 4974 in
1531 4916 1674 4990 praedietis
1695 4919 1883 4991 compositio·

231 4998 277 5055 vel
297 5013 349 5071 per
368 5000 474 5059 litteras
498 5003 576 5077 regis
595 5002 719 5076 Angliae,
735 5018 786 5062 seu
808 5020 858 5079 per
880 5006 1030 5066 credibiles
1084 5008 1167 5065 nibus
1182 5014 1209 5065 et
1219 5005 1466 5075 conventionibus,
1478 5005 1611 5063 dominus
1624 5006 1754 5063 rtrarchio
1764 5008 1887 5065 Namne-

231 5088 347 5145 nuutios
364 5089 439 5147 scire
460 5092 593 5164 potuerit,
615 5091 692 5164 quod
715 5091 848 5152 dominus
868 5096 1029 5155 Willelmus
1083 5098 1179 5154 censis
1206 5110 1324 5154 manum
1352 5095 1476 5152 mitteret
1502 5094 1538 5151 ad
1571 5092 1703 5164 seudum,
1733 5111 1886 5170 quousque

230 5190 316 5248 posse
330 5191 413 5235 suum
426 5179 492 5237 inde
504 5194 561 5238 non
578 5178 685 5252 lecerit,
700 5189 728 5240 et
742 5183 818 5255 quod
833 5185 973 5257 potuisset
992 5186 1026 5245 il·
1083 5185 1266 5244 emendatum
1280 5191 1356 5243 esset
1370 5183 1489 5242 consilio
1503 5184 1590 5241 curiae
1604 5182 1791 5242 Flandrensis
1805 5203 1813 5244 :
1832 5186 1884 5244 he·

229 5264 286 5322 lam
303 5265 470 5326 rehabnisse
489 5269 514 5326 si
527 5269 674 5335 uoluisset.
685 5274 787 5329 iterum
800 5271 884 5332 debet
894 5273 1029 5335 dominns
1083 5272 1462 5348 minesquoqncliollandiae
1472 5279 1499 5331 et
1511 5273 1667 5329 insularum
1679 5272 1885 5345 praedictarum

229 5355 388 5413 Willelmus
409 5365 437 5415 et
449 5354 582 5416 dominus
597 5359 724 5418 marchio
739 5363 944 5421 Namurccnsis
961 5380 1027 5422 eum
1084 5371 1170 5439 ponet
1184 5363 1298 5421 obsides
1319 5378 1416 5420 cernes
1435 5363 1470 5420 de
1486 5364 1550 5433 Lus,
1569 5362 1606 5419 ita
1626 5360 1702 5434 quod
1723 5360 1811 5420 faciet
1833 5379 1886 5423 ees

230 5458 265 5499 eo
289 5446 402 5502 mittere
422 5445 495 5504 duos
514 5447 618 5519 probos
639 5449 716 5507 viros
738 5465 788 5522 per
804 5450 978 5523 juramenta,
1000 5462 1029 5513 et
1080 5453 1186 5527 lucare,
1200 5452 1275 5525 quod
1290 5452 1314 5509 si
1329 5451 1462 5508 deiiceret
1476 5451 1502 5508 in
1519 5450 1672 5524 praedictis,
1682 5450 1738 5523 ipsi
1750 5449 1887 5511 homiues

230 5547 318 5589 unum
335 5533 465 5592 abbatem
489 5535 691 5595 inobedientia
707 5539 857 5611 monitum,
871 5542 1029 5602 ulaideant
1083 5549 1179 5599 essent
1193 5541 1290 5599 comiti
1311 5540 1347 5598 de
1366 5543 1422 5598 Les
1444 5540 1471 5597 in
1490 5546 1705 5607 nocumentum,
1721 5547 1752 5596 ct
1766 5538 1888 5599 domiuo

230 5627 259 5678 et
272 5622 418 5694 inquirant
432 5625 456 5682 si
480 5625 613 5684 domiuus
633 5628 795 5687 Willclmus
815 5629 851 5688 do
872 5631 919 5688 illa
942 5630 1026 5689 reha-
1083 5631 1270 5689 Namurcensi
1294 5630 1322 5687 iu
1348 5629 1495 5700 auxilinm,
1520 5622 1681 5702 quousque
1696 5629 1887 5690 emendatum

231 5709 324 5769 banda
340 5710 534 5787 ieceritpossc
549 5732 631 5776 snum
648 5735 653 5774 :
670 5717 694 5777 sl
710 5719 801 5776 nuntii
826 5720 864 5776 illi
886 5719 1028 5779 testillcati
1083 5728 1159 5778 esset
1180 5720 1298 5777 consilio
1320 5720 1405 5777 curie
1430 5717 1620 5777 Plandreusis.
1647 5718 1737 5775 Pouet
1768 5735 1887 5793 quoque
