3952 6188
114 271 174 336 τοο
409 338 412 344 ,
658 260 704 326 ur
726 256 931 324 nommrcn
951 258 1006 320 11
1026 259 1208 326 611116.
1330 256 1362 333 l
1697 274 1757 335 1ο

114 429 259 509 legitur:
278 428 330 490 De
344 425 439 489 ornat
457 425 562 487 verbo
576 421 785 498 6116666661
806 418 910 484 166611
963 421 1085 484 modia.
1112 426 1179 485 Per
1200 423 1417 502 psalmodiam
1453 427 1567 506 accipe
1599 429 1757 510 quidquid

114 520 584 607 menotiomtues...(Matth.
599 517 785 599 x11,36).1u
797 519 911 581 multt-
963 521 1032 581 Deo
1045 521 1201 597 psallitur
1213 538 1288 584 cum
1303 525 1423 587 mentis
1435 526 1590 600 melodia,
1607 528 1677 591 sire
1691 530 1759 593 sint

114 627 226 701 161616
241 621 424 697 peecatum
439 622 515 681 ’666
538 619 648 680 deerit
664 615 777 697 (Pror.
793 615 907 696 x,19).
964 617 1094 693 psalmi,
1116 618 1187 680 sive
1204 620 1329 697 hymni,
1343 622 1413 684 sive
1427 623 1527 686 etiam
1542 641 1758 705 quaecumque

116 719 279 798 Quidquid
294 734 383 780 nuno
400 715 685 794 parvipendendo
704 715 907 787 transimus;
964 714 1106 776 cantica.

115 816 288 899 pandendo
300 815 496 891 detegimus,
511 811 750 875 dissimulando
765 810 911 887 negligi·
1003 811 1148 873 Tertiam
1165 813 1318 890 hydriam
1338 816 1434 893 posui
1448 820 1600 896 superius
1612 821 1756 898 vigilias,

117 932 201 989 mus,
222 914 327 977 toturn
350 913 386 973 in
405 912 458 973 die
474 910 595 988 judicii
616 908 764 987 pressius
785 911 818 970 et
838 908 911 984 ple-
964 924 1047 985 quas
1062 924 1192 987 semper
1204 911 1300 973 debet
1315 914 1468 976 comitari
1480 918 1669 980 orationum
1682 922 1757 982 ins-

113 1015 190 1076 1116
218 1011 426 1072 discutietur.
456 1008 550 1070 Unde
578 1008 607 1068 61
635 1006 805 1082 contingat
818 1005 910 1082 loqui
963 1007 1081 1068 tantia.
1106 1007 1199 1069 Unde
1221 1010 1254 1071 et
1279 1011 1439 1072 Dominus
1461 1012 1583 1088 legitur
1600 1018 1760 1080 1111111-

113 1111 319 1187 religiosum,
335 1107 447 1169 videat
460 1105 498 1168 ut
515 1107 550 1166 in
562 1104 663 1167 verbo
678 1120 739 1165 suo
760 1102 815 1165 vel
834 1103 911 1164 lau·
964 1102 1052 1180 gelid
1070 1105 1283 1181 pernoctasse
1297 1107 1507 1182 1161111116,
1526 1112 1560 1173 et
1578 1112 1760 1191 discipulos

113 1210 210 1271 detur
238 1205 409 1278 Dominus,
431 1205 485 1266 vel
516 1202 699 1266 aeditlcetur
725 1201 908 1279 proximus.
965 1217 1042 1263 suos
1056 1202 1239 1265 exhortans
1261 1204 1437 1284 utrumque
1458 1208 1778 1289 611111661111111,ι

113 1308 245 1369 Vanum
259 1304 311 1366 661
324 1301 462 1365 verbum
476 1301 660 1380 jactantiae.
678 1299 771 1362 Unde
788 1320 796 1359 ε
816 1302 911 1360 Vana
965 1298 1098 1360 dicens:
1120 1302 1262 1378 Vigilate
1274 1304 1309 1364 et
1323 1304 1421 1366 orate
1433 1307 1472 1366 ut
1487 1320 1557 1368 666
1571 1309 1711 1372 16166116
1722 1313 1761 1371 16

113 1406 215 1467 locuti
236 1401 319 1464 6661
335 1404 569 1473 unusquisque
570 1441 631 1458 .....
649 1395 719 1476 (Ρ6
736 1398 789 1468 11,
805 1394 851 1475 3).
871 1396 911 1457 Et
965 1395 1436 1475 tentationem(ltatth.xxv1,
1448 1400 1760 1483 41).1nhachydria

114 1502 236 1563 iterum
250 1519 258 1560 t
273 1497 804 1573 11666161166666611616666
816 1509 911 1569 maq-
965 1493 1212 1569 puriflcamura
1228 1496 1380 1557 sordibus
1395 1514 1477 1576 quas
1491 1517 1551 1578 per
1570 1504 1761 1566 somnolen-

114 1602 288 1673 ntroquam
315 1594 384 1674 (Ps.
413 1596 468 1666 11,
495 1591 542 1672 4).
568 1592 822 1654 Excusatorium
861 1592 912 1653 661
964 1590 1045 1651 tiam
1080 1592 1307 1654 contraximus
1344 1596 1378 1657 et
1414 1596 1581 1659 oblivione
1618 1601 1759 1677 quadam

113 1693 253 1757 uerbum
268 1692 415 1763 malitiae,
436 1707 501 1769 quo
516 1690 655 1768 quisque
670 1690 799 1751 reatum
813 1705 910 1750 suum
965 1688 1104 1750 resoluti
1132 1706 1152 1750 a
1179 1690 1234 1751 via
1258 1690 1376 1754 salutis
1401 1692 1604 1771 intepuimus
1622 1699 1656 1759 et
1683 1700 1756 1761 tor-

113 1793 227 1868 tegere
252 1791 305 1853 vel
330 1804 493 1851 excusare
518 1789 668 1849 conatur.
695 1786 789 1849 Unde
815 1786 912 1847 Psal-
965 1786 1110 1862 puimus.

112 1890 213 1951 mista
230 1905 238 1950 :
253 1891 333 1951 Nou
350 1890 496 1949 16611666
512 1900 703 1947 cormeum
716 1887 753 1945 16
767 1886 911 1945 verbum
1005 1883 1129 1955 Quarta
1149 1883 1270 1962 hydria
1284 1888 1335 1948 est
1350 1888 1529 1966 jejunium,
1550 1891 1591 1953 de
1606 1908 1671 1970 quo
1686 1893 1760 1971 quis

112 1992 259 2058 1661661,
287 1985 576 2047 6166666616
604 1982 911 2043 66666611666616
965 1980 1094 2043 dubitat
1108 1982 1762 2061 1161116111116116611161666611661

111 2085 264 2159 peccatis
285 2080 355 2162 (Ps.
379 2083 448 2153 140,
470 2079 517 2159 4).
540 2079 745 2156 impudicum
771 2078 910 2140 verbum
964 2078 1024 2139 1111
1046 2080 1229 2163 sententia:
1244 2083 1451 2145 Contrariis
1477 2089 1759 2150 6666166666-

112 2182 163 2243 est
176 2179 427 2258 turpiloquium.
448 2178 535 2239 Nota
553 2177 636 2237 illud
653 2198 660 2236 :
678 2178 911 2242 0616161616
966 2177 1092 2237 truria.
1108 2177 1143 2237 Si
1158 2192 1238 2254 ergo
1248 2180 1457 2256 peccavimus
1469 2198 1529 2259 per
1538 2186 1650 2260 gulam
1666 2188 1698 2249 et
1708 2187 1762 2249 in-

111 2293 275 2340 66661666
299 2277 412 2338 utitur
431 2275 532 2335 6116
534 2317 596 2334 .....
612 2273 745 2334 Falsum
769 2273 820 2334 661
830 2287 911 2334 ver·
965 2272 1122 2350 gluviem,
1139 2274 1217 2352 quid
1231 2276 1336 2339 restat
1347 2278 1459 2341 116111
1470 2280 1690 2359 temperemur
1701 2302 1761 2364 per

112 2374 196 2436 hum
215 2372 393 2434 mendacii.
410 2371 504 2433 Unde
528 2392 535 2431 :
557 2374 691 2432 Perdes
713 2384 832 2431 666666
854 2372 913 2444 qut
966 2370 1203 2432 continentiam
1216 2373 1249 2434 et
1258 2375 1527 2451 jejuniuthec
1542 2380 1648 2443 solum
1660 2381 1760 2460 hujus

109 2465 856 2547 666666666616666(6611611111
869 2469 912 2529 Os
966 2467 1038 2530 vitii
1049 2484 1109 2545 per
1113 2469 1280 2546 jejunium
1290 2471 1327 2533 fit
1338 2473 1538 2549 purificatio,
1551 2478 1608 2538 sed
1622 2479 1761 2558 insuper

110 2570 206 2643 quod
218 2567 389 2628 mentitur
401 2566 521 2628 occidit
534 2568 691 2626 animam
706 2563 798 2643 (Sap.
810 2580 833 2638 1,
846 2562 910 2644 11).
965 2565 1072 2627 virtus
1082 2566 1123 2627 ad
1134 2566 1348 2645 expellendos
1358 2570 1525 2634 daemones
1535 2579 1757 2653 comparatur,

110 2664 315 2727 Maledicum
339 2663 426 2741 quod
451 2661 493 2723 11
516 2662 703 2724 laedendum
725 2662 912 2740 proximum
966 2662 1096 2725 dicente
1112 2665 1478 2745 Dominoziliocqcnus
1491 2674 1528 2732 16
1542 2676 1760 2750 6616661661

110 2761 292 2840 profertur,
315 2761 369 2823 rel
395 2759 551 2838 praesenti
579 2760 794 2822 detrahendo,
817 2759 912 2822 Unde
965 2763 1147 2823 66666161
1161 2764 1368 2826 irroratione
1386 2767 1694 2850 etjejuntofflarc.
1709 2789 1756 2848 rx,

109 2860 293 2938 Apostolus
317 2881 325 2921 z
351 2862 471 2934 Neque
494 2862 653 2920 6161661161
679 2874 828 2935 reputem
847 2861 913 2919 Dei
964 2856 1030 2937 28).

106 2958 334 3033 possidebunt
349 2955 377 3035 (1
388 2958 461 3017 Cor.
474 2972 521 3029 vr,
535 2954 604 3035 10);
621 2956 654 3018 et
667 2955 748 3016 illud
761 2977 769 3015 ε
782 2958 910 3017 Sedens
1004 2954 1161 3033 Sequitur
1175 2957 1293 3035 hydria
1311 2960 1426 3037 quinta
1445 2979 1518 3039 quae
1535 2965 1659 3029 dicitur
1675 2985 1758 3046 opus

111 3058 285 3118 adversus
296 3055 447 3129 fratrem
461 3055 560 3115 tuum
572 3057 764 3127 loquebaris
777 3052 846 3131 (Ps.
857 3055 908 3126 49,
965 3068 1135 3126 manuum,
1153 3055 1189 3114 in
1204 3071 1268 3132 quo
1284 3056 1313 3117 si
1333 3060 1502 3135 queratur
1518 3076 1562 3122 au
1584 3064 1627 3126 sit
1646 3066 1759 3144 aliqua

115 3151 182 3233 20).
204 3151 361 3213 Dolosum
379 3152 430 3213 est
448 3150 534 3228 quod
549 3151 592 3211 ad
607 3150 830 3212 seducendum
850 3150 910 3210 sub
966 3149 1164 3227 purificatio,
1178 3150 1277 3213 facile
1289 3155 1397 3229 potest
1408 3155 1552 3219 inveniri
1568 3176 1628 3236 per
1642 3161 1758 3225 multa.

114 3249 227 3312 cordis
242 3249 435 3328 duplicitate
453 3247 629 3325 protertur.
653 3249 748 3309 Unde
762 3248 903 3324 legitur:
965 3247 1051 3307 Nam
1070 3247 1107 3308 ut
1123 3246 1267 3324 plurima
1281 3251 1488 3326 praeteream,
1507 3257 1663 3331 quoniam
1680 3259 1760 3322 bre-

113 3352 154 3409 16
161 3351 267 3410 corde
277 3349 310 3408 et
317 3350 419 3408 corde
426 3346 528 3407 166611
537 3343 796 3422 66616616(Ρ6.
807 3345 854 3416 11,
864 3345 910 3424 3).
966 3343 1062 3404 vitati
1079 3343 1207 3412 studeo,
1221 3344 1285 3407 hoc
1299 3346 1406 3409 selum
1416 3352 1532 3427 quanti
1542 3353 1585 3416 sit
1599 3359 1759 3432 praeconii

114 3442 505 3517 utiterum2naperuat
513 3445 682 3504 11661666
694 3445 785 3504 16116
798 3444 913 3504 161666
966 3440 1041 3517 quis
1064 3440 1164 3516 digne
1191 3442 1347 3517 aestimet,
1373 3463 1434 3507 suo
1462 3465 1624 3530 quemque
1646 3452 1759 3519 labore

114 3538 183 3618 (Ps.
201 3541 252 3612 11,
268 3538 314 3619 4).
330 3538 425 3600 Unde
447 3537 614 3614 Propheta
640 3535 715 3598 orat
734 3536 871 3598 liberari
892 3552 912 3598 a
966 3537 1068 3599 vitam
1093 3537 1279 3615 transigere
1303 3557 1343 3603 ac
1361 3544 1486 3607 nullius
1516 3548 1642 3626 aliquid
1671 3552 1761 3615 desi·

113 3636 215 3699 labiis
229 3636 354 3715 iniquis
369 3638 434 3698 eta
448 3636 564 3712 lingua
579 3634 704 3697 dolosa.
967 3635 1107 3697 deraret
1124 3637 1195 3698 Hoc
1215 3637 1336 3701 Doctor
1349 3642 1497 3716 gentium
1514 3646 1657 3711 sollicite
1672 3666 1761 3728 pras-

150 3739 236 3808 Quae
255 3733 412 3796 nimirum
431 3733 534 3810 pestis
551 3732 591 3793 de
613 3731 812 3809 loquacitate
827 3748 911 3813 nas·
966 3733 1054 3809 cepit
1067 3731 1311 3799 observandum
1322 3737 1454 3801 dicens:
1467 3744 1506 3805 St
1519 3747 1596 3818 quis
1606 3762 1675 3810 666
1687 3750 1761 3813 6611

115 3832 200 3895 citur
221 3833 254 3894 et
274 3847 334 3909 per
357 3830 481 3893 silentii
496 3843 671 3893 censuram
684 3830 741 3891 aut
752 3830 912 3892 evertitur
965 3834 1200 3907 6666611666
1213 3839 1398 3901 6166116661
1407 3836 1453 3919 (ΙΙ
1464 3840 1579 3903 Thess.
1591 3858 1641 3916 111,
1654 3843 1718 3925 10).

114 3929 275 4003 funditus,
292 3929 351 3992 111
363 3928 464 4001 certa,
481 3943 523 3989 ne
538 3927 677 3989 multum
697 3928 829 4000 noceat,
855 3943 911 3989 re-
1006 3929 1121 3993 Restat
1146 3931 1262 3994 ultima
1289 3933 1421 4012 hydria,
1444 3939 1556 4000 carnis
1582 3942 1757 4017 munditia,

115 4028 283 4105 primitur.
298 4028 339 4088 Et
351 4026 426 4088 ideo
441 4026 647 4103 antiquiores
662 4024 812 4102 religiosi
824 4041 912 4103 prae-
965 4024 1000 4087 11
1016 4042 1081 4104 qua
1093 4027 1130 4090 tit
1141 4027 1330 4105 purificatio
1344 4029 1387 4093 ab
1399 4031 1457 4094 illa
1472 4036 1618 4115 quinque
1636 4040 1758 4116 partita

115 4125 213 4203 cipue
244 4124 414 4186 silentium
449 4122 671 4186 observabant
699 4123 842 4184 scientes
878 4124 912 4184 et
965 4123 1115 4199 corporis
1129 4123 1302 4187 illecebra:
1315 4127 1419 4203 visus,
1433 4132 1577 4206 auditus,
1590 4136 1757 4213 odoratus,

116 4222 188 4285 ideo
207 4222 316 4299 magis
341 4219 492 4283 timentes
512 4219 598 4297 quod
622 4219 738 4294 lingua
756 4218 849 4281 sedet
876 4219 911 4279 in
964 4220 1081 4296 gustus
1089 4221 1123 4282 et
1132 4220 1251 4283 tactus.
1264 4224 1304 4285 Et
1313 4226 1434 4288 catera
1445 4229 1577 4305 quidem
1588 4233 1757 4309 praedicta,

116 4320 222 4382 udore
231 4319 336 4382 etcito
350 4318 485 4379 labitur.
492 4318 530 4378 In
536 4315 720 4394 psalmodia
737 4315 774 4377 lit
789 4315 912 4393 duplex
966 4316 1150 4389 silentium,
1172 4317 1297 4394 vigilia
1304 4326 1320 4391 ,“
1335 4322 1536 4398 psalmodia,
1569 4341 1652 4404 opus
1682 4346 1758 4393 ma-

117 4417 293 4490 couiessio,
315 4415 372 4477 ubi
394 4414 428 4477 et
451 4413 607 4492 peccator
630 4411 671 4474 de
691 4412 798 4490 culpis
819 4428 912 4474 com-
965 4428 1087 4486 nuum,
1119 4414 1304 4492 jejunium3
1333 4417 1459 4494 vigiliae
1499 4425 1650 4486 exerceri
1686 4428 1760 4492 sine

116 4515 285 4594 pungitur,
302 4514 336 4575 et
349 4513 424 4574 ideo
437 4510 554 4573 laudes
569 4525 670 4588 supra
684 4509 812 4587 judicia
830 4512 910 4588 jus·
966 4511 1029 4574 ista
1049 4513 1204 4588 possunt3
1225 4512 1382 4590 prodesse
1403 4530 1484 4579 vero
1496 4519 1676 4598 quidquam
1691 4542 1759 4590 non

115 4611 197 4675 titiae
211 4627 281 4674 suae
291 4609 459 4672 dicuntur.
476 4609 516 4670 ht
529 4608 564 4669 in
578 4607 643 4669 hac
654 4606 911 4686 hydriajudaeus
965 4609 1115 4685 possunt.
1131 4608 1261 4670 Etenim
1274 4626 1341 4673 non
1359 4612 1526 4678 immerito
1539 4616 1685 4685 lucernae
1696 4639 1757 4686 ar-

30 4722 33 4727 ’
118 4710 269 4787 quisque,
299 4708 357 4786 qui
378 4705 508 4770 66111661
533 4706 623 4767 recte
647 4704 838 4782 confltetur,
869 4704 911 4766 ab
966 4705 1081 4768 dentes
1098 4706 1163 4767 dici
1183 4710 1335 4784 possunt,
1353 4710 1409 4773 sed
1425 4712 1455 4774 si
1469 4713 1573 4777 lumbi
1588 4721 1759 4796 precincti

117 4805 287 4869 immundo
320 4804 440 4884 spiritu
464 4801 670 4880 blasphemia
696 4802 909 4880 purificatur,
965 4819 1032 4865 uon
1056 4803 1133 4877 sint,
1157 4804 1255 4879 idest,
1281 4807 1310 4869 si
1335 4807 1420 4872 desit
1445 4814 1557 4875 caruis
1583 4819 1756 4895 munditia,

119 4905 170 4965 cui
203 4905 279 4966 ante
313 4901 563 4966 conversionem
598 4899 799 4977 subjacebat.
827 4904 911 4961 Dum
966 4901 1113 4965 lucernae
1126 4902 1280 4967 ardentes
1295 4906 1372 4982 quid
1386 4909 1609 4983 prodessentt

120 5001 208 5063 enim
224 5016 261 5062 66
275 5000 385 5078 ipsum
397 4997 560 5069 laudaret,
578 4997 611 5058 61
624 4996 799 5059 Dominum
811 5014 913 5060 accu-
1005 4997 1091 5059 Iiinc
1102 5014 1182 5075 ergo
1202 5000 1423 5077 colligendum
1443 5007 1494 5069 est
1510 5025 1613 5086 quare
1637 5012 1681 5073 611
1694 5029 1758 5075 ne-

121 5099 220 5170 saret,
241 5095 319 5174 quid
341 5094 432 5157 aliud
460 5110 557 5172 quam
583 5092 795 5171 blasphemus
816 5096 912 5157 erati
966 5096 1113 5158 cessaria
1139 5096 1238 5175 hujus
1267 5101 1370 5163 sextae
1397 5102 1525 5181 hydriae
1558 5108 1756 5185 purificatio,

120 5194 280 5257 Jamvero
293 5208 473 5255 conversus
485 5191 520 5254 et
536 5190 751 5255 contessusin
762 5192 911 5255 correcta
966 5209 1040 5271 quae
1055 5193 1127 5255 sola
1146 5194 1298 5258 omnihus
1318 5197 1537 5263 observantiis
1559 5205 1610 5265 est
1631 5205 1755 5269 utilior.

122 5291 203 5354 vitia
225 5290 373 5367 corrigit,
395 5287 542 5352 etrerha
557 5304 657 5366 seque
672 5289 781 5366 ipsum
806 5304 911 5352 accu-
966 5294 1113 5364 Quatuor
1138 5293 1261 5370 primas
1287 5294 1444 5358 debemus
1472 5297 1587 5371 nobis,
1610 5301 1759 5378 quintam

119 5402 207 5461 sans,
230 5388 319 5450 mala
341 5402 403 5449 sua
425 5386 489 5448 sibi
511 5387 653 5464 reputat.
681 5388 784 5448 Deum
799 5387 910 5449 autem
966 5389 1128 5466 proximo,
1143 5390 1271 5452 sextam
1286 5394 1363 5454 lieo.
1376 5393 1461 5454 Nam
1472 5393 1651 5468 silentium,
1668 5401 1759 5476 psal·

119 5482 269 5560 laudans,
285 5486 408 5548 honum
423 5484 510 5561 quod
529 5484 565 5544 in
584 5499 620 5545 se
636 5483 735 5555 videt,
761 5484 910 5547 nonsibi
965 5485 1121 5559 modiam,
1144 5486 1289 5563 vigilias,
1315 5478 1481 5566 jejunium
1507 5490 1603 5554 debet
1617 5496 1757 5577 quisque

120 5583 175 5645 sed
185 5585 253 5648 Deo
265 5583 422 5661 applicat,
436 5580 522 5659 quod
536 5581 641 5643 totum
652 5581 807 5657 agiturin
819 5583 911 5660 psal·
967 5582 1100 5659 propter
1115 5583 1274 5661 seipsum,
1297 5585 1393 5657 idest,
1412 5588 1545 5664 propter
1559 5605 1654 5654 suam
1667 5595 1762 5659 utili-
