3936 6182
220 320 279 382 uin
689 309 866 373 HONORII
887 307 933 368 111
953 304 1103 368 OPERA.
1117 302 1407 369 -SERMOan
1814 309 1874 369 ωε

220 477 365 551 equidem,
384 473 436 535 sed
450 488 514 549 qne
528 470 612 532 luerit
627 471 704 530 lama
723 467 820 528 relert.
837 469 912 528 liam
922 465 1019 526 smilis
1073 469 1250 534 teranorum,
1264 478 1317 522 sen
1332 461 1481 522 tabernam
1496 462 1683 523 meritoriam.
1696 464 1732 523 ln
1745 477 1801 538 qua
1816 462 1872 525 ler-

219 576 284 635 locn
298 573 486 649 prophetissae
498 577 558 630 erat
573 570 602 628 in
618 571 720 639 Roma,
734 574 765 626 et
776 567 851 626 sicut
862 567 976 640 lloyses
990 571 1020 622 et
1073 567 1128 633 tur,
1148 561 1241 623 subito
1259 560 1437 620 exsilientem
1458 559 1641 620 iontemolci
1657 576 1800 637 magnam
1817 562 1871 622 be·

219 673 297 733 Elias
312 672 443 731 viderunt
456 669 598 730 Christum
616 668 648 725 in
661 673 768 735 monte,
784 665 823 723 ita
841 663 937 727 sibilla
952 663 1015 721 Vir·
1072 662 1176 731 mines,
1191 660 1237 717 die
1256 658 1389 733 quadam,
1410 659 1526 718 vidisse.
1546 660 1600 729 Qui
1619 658 1694 730 lons,
1713 676 1767 734 per
1784 668 1868 721 totum

219 771 318 846 ginem
334 769 477 829 etlilium
491 767 595 825 meruit
608 762 806 837 contemplari.
822 784 834 813 ι
850 764 885 820 Et
894 767 1016 828 extunc,
1072 759 1150 817 illam
1168 756 1245 815 diem
1264 755 1428 827 decurrens,
1450 764 1586 831 unquam
1602 758 1692 828 risus,
1708 757 1746 816 ad
1764 757 1870 818 flumen

219 869 260 928 ait
279 867 431 936 Honorius,
454 865 628 924 Octavianus
651 861 795 936 prohibuit
809 875 846 918 ns
868 859 932 932 puls
950 871 1017 916 eum
1071 871 1163 929 usque
1186 855 1334 930 pergebat.
1356 856 1490 930 Augures
1514 854 1677 929 symbolum
1702 856 1786 929 pacis
1806 870 1869 915 asse

219 966 374 1025 bominum
389 962 556 1038 appellaret,
569 961 635 1034 qnia
651 967 736 1017 natus
750 965 794 1016 est
808 959 868 1016 ilex
877 971 979 1030 regum
988 964 1018 1015 et
1071 954 1166 1013 oleum
1181 952 1322 1024 dixerunt,
1338 953 1499 1012 nescientes
1513 959 1610 1011 tamen
1629 967 1753 1026 puerum
1772 961 1868 1012 natan

218 1064 357 1122 Dominus
371 1061 619 1119 dominantium.»
1070 1065 1135 1111 esse
1156 1052 1186 1110 ie
1207 1050 1354 1111 Bethleem
1375 1051 1424 1124 qni
1445 1051 1579 1124 princepe
1601 1056 1679 1109 esset
1699 1050 1793 1124 pacis
1815 1051 1866 1110 Sed

231 1192 239 1202 ·
253 1161 405 1235 Virgilium
425 1161 512 1217 etiam
532 1155 663 1225 adhibet,
684 1154 798 1213 dulcem
817 1161 943 1227 poetam
967 1151 1016 1226 qui
1070 1149 1155 1223 paulo
1169 1156 1243 1222 post,
1259 1147 1295 1206 de
1305 1149 1353 1207 illo
1367 1148 1443 1207 lacto
1454 1148 1592 1207 certiorne
1604 1145 1673 1207 lacti
1686 1156 1767 1219 sunt,
1782 1163 1867 1222 qtrnn

217 1259 321 1318 cecinit
335 1256 521 1315 infantulum:
540 1277 552 1307 ι
569 1253 651 1315 Unde
664 1256 772 1312 Poeta:
1070 1253 1200 1321 pastores
1221 1253 1251 1305 et
1276 1261 1362 1320 reges
1386 1243 1525 1304 infantem
1548 1245 1677 1303 venerati
1698 1253 1780 1305 sunt.
1805 1249 1866 1306 lan

228 1400 234 1413 ,
308 1356 348 1407 Ε1
361 1369 429 1405 nova
440 1352 572 1420 progenies
584 1351 646 1403 ooelo
660 1350 800 1401 dimittitur
808 1349 900 1400 alto·
1068 1342 1180 1403 dubbtta
1205 1344 1318 1403 buculis
1342 1343 1458 1419 elapsis,
1486 1342 1656 1415 Christiani,
1685 1345 1737 1417 qul
1759 1344 1865 1405 1111111111

251 1447 431 1504 Austeruset
445 1442 564 1516 rigidior
575 1442 672 1500 lorsan
686 1454 789 1498 censor
803 1436 1012 1498 111111111-
1069 1441 1164 1503 adnm
1174 1442 1312 1516 templum
1326 1442 1356 1501 in
1365 1440 1435 1499 urbo
1450 1440 1644 1515 possidebant,
1656 1440 1694 1499 ab
1703 1441 1864 1500 Alexamm

216 1549 276 1613 net,
289 1557 344 1603 nos
352 1549 448 1600 autem
461 1556 519 1599 non
532 1540 581 1599 its.
597 1539 757 1599 Praesertim
767 1551 856 1611 quum
865 1536 928 1609 ipse
937 1537 1013 1594 Pan·
1069 1542 1174 1601 Severo
1193 1538 1356 1599 laerrltatem
1375 1539 1563 1614 impetrarunt
1580 1537 1744 1597 odilicandi
1764 1539 1796 1596 in
1812 1538 1863 1597 bae

214 1640 260 1700 lus
269 1638 423 1714 Apostolus
436 1646 536 1713 poetas
549 1637 689 1696 citaverit.
1068 1638 1132 1697 loco
1155 1653 1273 1712 parvam
1292 1637 1455 1708 ecclesiam
1471 1652 1559 1710 qnam
1573 1635 1718 1695 dedicavit
1733 1636 1863 1696 Callislm

251 1737 385 1810 Sequitur
399 1737 454 1793 alia
466 1734 676 1794 narratiuncula
689 1748 754 1807 qum
764 1732 954 1806 explicatione
968 1731 1012 1789 in·
1068 1737 1181 1795 Primus
1191 1737 1222 1793 ol
1232 1740 1318 1807 parto
1330 1735 1406 1792 della
1421 1735 1549 1807 Verpirse.
1565 1734 1633 1793 Post
1645 1734 1722 1792 illius
1736 1736 1861 1793 eeclesia

216 1833 306 1908 diget,
323 1849 387 1908 que
401 1831 465 1891 haec
479 1841 524 1890 est
539 1849 546 1890 :
564 1855 576 1884 ι
594 1832 731 1906 Legimus
748 1831 836 1890 etiam
855 1829 932 1904 quod
950 1828 1013 1907 lons
1068 1835 1179 1893 ruinam
1190 1834 1220 1892 in
1230 1833 1459 1908 persecutionum
1468 1840 1606 1906 tempore,
1617 1832 1743 1903 tubuel,
1754 1834 1786 1892 S.
1797 1834 1862 1892 Pon

215 1932 271 1990 olei
286 1946 336 2005 per
351 1939 441 1989 tntum
456 1930 532 1989 diem
547 1931 576 1988 ln
593 1929 709 1988 taberna
724 1929 877 1998 meritoria,
895 1943 958 2001 qum
969 1935 1013 1986 est
1067 1931 1135 1992 tilex
1150 1933 1235 1991 aliam
1250 1932 1382 2003 exaurit,
1398 1946 1483 2005 quam
1498 1931 1646 1990 basilicam
1661 1931 1817 2005 appellavit
1828 1929 1860 1990 ds

215 2029 337 2087 ecclesia
352 2029 381 2086 S.
395 2028 492 2088 llarioe
507 2029 535 2085 in
550 2026 733 2096 transtiberi,
750 2026 912 2100 longissime
930 2041 1010 2084 ema·
1066 2032 1170 2089 811111
1186 2032 1284 2091 llario
1297 2031 1329 2088 in
1341 2032 1448 2101 [111111
1461 2030 1516 2087 olei
1528 2030 1690 2089 blateras
1703 2030 1858 2088 1111111111.

214 2126 304 2198 navit,
320 2127 387 2199 qnia
408 2126 456 2183 ille
474 2124 647 2184 nascebatur
665 2124 695 2183 in
719 2126 802 2209 terris
819 2125 868 2198 qni
885 2124 963 2183 uenit
982 2126 1012 2182 in
1067 2130 1175 2188 Pluries
1189 2126 1372 2198 reedificata,
1384 2142 1474 2201 usque
1486 2126 1581 2186 adbuc
1594 2134 1760 2200 aperturam
1769 2135 1858 2185 servat

214 2224 331 2282 nomine
342 2224 495 2282 Domini.»
1066 2227 1141 2285 nnde
1159 2224 1223 2285 lons
1243 2227 1300 2285 olei
1318 2225 1451 2295 exsilivit,
1465 2240 1532 2285 cum
1550 2224 1644 2283 debita
1665 2224 1856 2298 inscriptione.

225 2382 230 2391 ,
249 2321 403 2380 Sciendum
424 2328 470 2381 est
492 2336 573 2396 ergo,
596 2320 644 2379 nbi
665 2335 742 2380 nnnc
762 2319 874 2379 videtur
892 2319 1010 2380 basilica
1064 2324 1126 2394 Quo
1142 2324 1171 2382 in
1186 2324 1250 2382 loco
1261 2325 1349 2399 igitur
1362 2323 1454 2383 extitit
1467 2322 1592 2397 primum
1604 2320 1751 2397 pubiicum
1765 2322 1855 2383 111111-

212 2419 347 2479 bituric
357 2420 566 2490 intrusiones,
574 2418 661 2479 luisse
670 2417 787 2478 domum
797 2417 1008 2493 quamdamuo·
1063 2422 1205 2481 tianornm
1220 2421 1369 2496 1111111111.
