<?xml version="1.0" encoding="UTF-8"?>
<!DOCTYPE html PUBLIC "-//W3C//DTD XHTML 1.0 Transitional//EN"
    "http://www.w3.org/TR/xhtml1/DTD/xhtml1-transitional.dtd">
<html xmlns="http://www.w3.org/1999/xhtml" xml:lang="en" lang="en">
 <head>
  <title>
</title>
<meta http-equiv="Content-Type" content="text/html;charset=utf-8" />
  <meta name='ocr-system' content='tesseract 3.04.00' />
  <meta name='ocr-capabilities' content='ocr_page ocr_carea ocr_par ocr_line ocrx_word'/>
</head>
<body>
  <div class='ocr_page' id='page_1' title='image "./mediiaevibiblio07bottgoog_0495.png"; bbox 0 0 3960 6188; ppageno 0'>
   <div class='ocr_carea' id='block_1_1' title="bbox 215 306 1873 382">
    <p class='ocr_par' dir='ltr' id='par_1_1' title="bbox 215 306 1873 382">
     <span class='ocr_line' id='line_1_1' title="bbox 215 306 1873 382; baseline 0.008 -14"><span class='ocrx_word' id='word_1_1' title='bbox 215 306 273 369; x_wconf 81' lang='lat'><strong>911</strong></span> <span class='ocrx_word' id='word_1_2' title='bbox 679 311 856 376; x_wconf 83' lang='lat' dir='ltr'>HONORII</span> <span class='ocrx_word' id='word_1_3' title='bbox 878 314 923 376; x_wconf 93' lang='lat'><strong>111</strong></span> <span class='ocrx_word' id='word_1_4' title='bbox 943 314 1093 380; x_wconf 73' lang='lat' dir='ltr'><strong>OPERA.</strong></span> <span class='ocrx_word' id='word_1_5' title='bbox 1107 343 1149 361; x_wconf 92' lang='lat'><em>-</em></span> <span class='ocrx_word' id='word_1_6' title='bbox 1163 312 1396 379; x_wconf 74' lang='lat' dir='ltr'><strong>SERMONES.</strong></span> <span class='ocrx_word' id='word_1_7' title='bbox 1808 320 1873 382; x_wconf 72' lang='lat' dir='ltr'><strong>sla</strong></span> 
     </span>
    </p>
   </div>
   <div class='ocr_carea' id='block_1_2' title="bbox 208 465 1876 5619">
    <p class='ocr_par' dir='ltr' id='par_1_2' title="bbox 208 465 1876 5619">
     <span class='ocr_line' id='line_1_2' title="bbox 215 465 1876 554; baseline 0.008 -28"><span class='ocrx_word' id='word_1_8' title='bbox 215 467 253 527; x_wconf 78' lang='lat' dir='ltr'><strong>tn</strong></span> <span class='ocrx_word' id='word_1_9' title='bbox 268 478 321 527; x_wconf 84' lang='lat' dir='ltr'><strong>ca.</strong></span> <span class='ocrx_word' id='word_1_10' title='bbox 338 465 470 529; x_wconf 90' lang='lat' dir='ltr'><strong>Primus</strong></span> <span class='ocrx_word' id='word_1_11' title='bbox 479 466 563 542; x_wconf 90' lang='lat' dir='ltr'><strong>dies,</strong></span> <span class='ocrx_word' id='word_1_12' title='bbox 578 467 676 541; x_wconf 87' lang='lat' dir='ltr'><strong>idest,</strong></span> <span class='ocrx_word' id='word_1_13' title='bbox 690 471 807 534; x_wconf 89' lang='lat' dir='ltr'><strong>salutis</strong></span> <span class='ocrx_word' id='word_1_14' title='bbox 819 472 1013 551; x_wconf 87' lang='lat' dir='ltr'><strong>designatur</strong></span> <span class='ocrx_word' id='word_1_15' title='bbox 1066 490 1134 536; x_wconf 92' lang='lat' dir='ltr'><strong>nou</strong></span> <span class='ocrx_word' id='word_1_16' title='bbox 1156 491 1342 552; x_wconf 91' lang='lat' dir='ltr'><strong>possumus,</strong></span> <span class='ocrx_word' id='word_1_17' title='bbox 1358 472 1437 554; x_wconf 87' lang='lat' dir='ltr'><strong>qula</strong></span> <span class='ocrx_word' id='word_1_18' title='bbox 1455 486 1587 553; x_wconf 78' lang='lat' dir='ltr'>semper</span> <span class='ocrx_word' id='word_1_19' title='bbox 1606 472 1784 539; x_wconf 83' lang='lat' dir='ltr'><strong>Jebusaeus</strong></span> <span class='ocrx_word' id='word_1_20' title='bbox 1806 478 1876 540; x_wconf 81' lang='lat' dir='ltr'><strong>ha-</strong></span> 
     </span>
     <span class='ocr_line' id='line_1_3' title="bbox 216 559 1874 650; baseline 0.008 -29"><span class='ocrx_word' id='word_1_21' title='bbox 216 559 251 622; x_wconf 90' lang='lat' dir='ltr'><strong>iu</strong></span> <span class='ocrx_word' id='word_1_22' title='bbox 266 562 325 624; x_wconf 91' lang='lat' dir='ltr'><strong>illo</strong></span> <span class='ocrx_word' id='word_1_23' title='bbox 337 562 402 635; x_wconf 90' lang='lat' dir='ltr'><strong>die,</strong></span> <span class='ocrx_word' id='word_1_24' title='bbox 416 564 451 623; x_wconf 92' lang='lat' dir='ltr'><strong>in</strong></span> <span class='ocrx_word' id='word_1_25' title='bbox 464 581 529 641; x_wconf 91' lang='lat' dir='ltr'><strong>quo</strong></span> <span class='ocrx_word' id='word_1_26' title='bbox 545 567 677 628; x_wconf 89' lang='lat' dir='ltr'><strong>Samuel</strong></span> <span class='ocrx_word' id='word_1_27' title='bbox 688 567 807 632; x_wconf 90' lang='lat' dir='ltr'><strong>obtulit</strong></span> <span class='ocrx_word' id='word_1_28' title='bbox 819 587 941 647; x_wconf 87' lang='lat' dir='ltr'><strong>agnum</strong></span> <span class='ocrx_word' id='word_1_29' title='bbox 952 587 1012 650; x_wconf 90' lang='lat' dir='ltr'><strong>pro</strong></span> <span class='ocrx_word' id='word_1_30' title='bbox 1065 570 1149 633; x_wconf 87' lang='lat' dir='ltr'><strong>bitat</strong></span> <span class='ocrx_word' id='word_1_31' title='bbox 1170 571 1204 632; x_wconf 92' lang='lat' dir='ltr'><strong>in</strong></span> <span class='ocrx_word' id='word_1_32' title='bbox 1225 574 1316 633; x_wconf 88' lang='lat' dir='ltr'><strong>terra</strong></span> <span class='ocrx_word' id='word_1_33' title='bbox 1339 573 1466 642; x_wconf 89' lang='lat' dir='ltr'><strong>nostra,</strong></span> <span class='ocrx_word' id='word_1_34' title='bbox 1483 587 1556 649; x_wconf 72' lang='lat' dir='ltr'><strong>quar</strong></span> <span class='ocrx_word' id='word_1_35' title='bbox 1578 570 1676 632; x_wconf 91' lang='lat' dir='ltr'><strong>nobis</strong></span> <span class='ocrx_word' id='word_1_36' title='bbox 1698 572 1817 647; x_wconf 85' lang='lat' dir='ltr'><strong>spinas</strong></span> <span class='ocrx_word' id='word_1_37' title='bbox 1839 576 1874 634; x_wconf 85' lang='lat' dir='ltr'><strong>et</strong></span> 
     </span>
     <span class='ocr_line' id='line_1_4' title="bbox 215 650 1873 745; baseline 0.008 -27"><span class='ocrx_word' id='word_1_38' title='bbox 215 657 425 733; x_wconf 86' lang='lat' dir='ltr'><strong>filiislsrael,</strong></span> <span class='ocrx_word' id='word_1_39' title='bbox 440 662 551 740; x_wconf 83' lang='lat' dir='ltr'><strong>stipsi</strong></span> <span class='ocrx_word' id='word_1_40' title='bbox 567 650 1012 740; x_wconf 80' lang='lat' dir='ltr'><strong>pugnantes‘contraintmi-</strong></span> <span class='ocrx_word' id='word_1_41' title='bbox 1065 667 1712 745; x_wconf 84' lang='lat' dir='ltr'><strong>tribulosnondesinitgerminare.1)e</strong></span> <span class='ocrx_word' id='word_1_42' title='bbox 1734 668 1801 730; x_wconf 85' lang='lat' dir='ltr'><strong>hoc</strong></span> <span class='ocrx_word' id='word_1_43' title='bbox 1823 670 1873 731; x_wconf 85' lang='lat' dir='ltr'><strong>ait</strong></span> 
     </span>
     <span class='ocr_line' id='line_1_5' title="bbox 215 758 1872 845; baseline 0.007 -27"><span class='ocrx_word' id='word_1_44' title='bbox 215 774 272 819; x_wconf 88' lang='lat' dir='ltr'><strong>cos</strong></span> <span class='ocrx_word' id='word_1_45' title='bbox 295 758 457 821; x_wconf 88' lang='lat' dir='ltr'><strong>vicerunt.</strong></span> <span class='ocrx_word' id='word_1_46' title='bbox 486 762 620 823; x_wconf 87' lang='lat' dir='ltr'><strong>Samuel</strong></span> <span class='ocrx_word' id='word_1_47' title='bbox 643 762 810 840; x_wconf 83' lang='lat' dir='ltr'><strong>significat</strong></span> <span class='ocrx_word' id='word_1_48' title='bbox 832 765 1009 839; x_wconf 83' lang='lat' dir='ltr'><strong>Christum,</strong></span> <span class='ocrx_word' id='word_1_49' title='bbox 1065 769 1211 829; x_wconf 72' lang='lat' dir='ltr'><strong>ioannes</strong></span> <span class='ocrx_word' id='word_1_50' title='bbox 1225 766 1260 828; x_wconf 93' lang='lat' dir='ltr'><strong>in</strong></span> <span class='ocrx_word' id='word_1_51' title='bbox 1276 766 1421 845; x_wconf 79' lang='lat' dir='ltr'><strong>Epistola</strong></span> <span class='ocrx_word' id='word_1_52' title='bbox 1436 767 1597 828; x_wconf 88' lang='lat' dir='ltr'><strong>canonica</strong></span> <span class='ocrx_word' id='word_1_53' title='bbox 1621 788 1629 826; x_wconf 93' lang='lat'><strong>:</strong></span> <span class='ocrx_word' id='word_1_54' title='bbox 1649 769 1689 828; x_wconf 79' lang='lat' dir='ltr'><strong>st</strong></span> <span class='ocrx_word' id='word_1_55' title='bbox 1709 770 1872 829; x_wconf 63' lang='lat' dir='ltr'><strong>diutinus</strong></span> 
     </span>
     <span class='ocr_line' id='line_1_6' title="bbox 215 854 1872 940; baseline 0.008 -25"><span class='ocrx_word' id='word_1_56' title='bbox 215 854 271 932; x_wconf 89' lang='lat' dir='ltr'><strong>qui</strong></span> <span class='ocrx_word' id='word_1_57' title='bbox 290 855 409 918; x_wconf 89' lang='lat' dir='ltr'><strong>obtulit</strong></span> <span class='ocrx_word' id='word_1_58' title='bbox 422 873 544 934; x_wconf 87' lang='lat' dir='ltr'><strong>agnum</strong></span> <span class='ocrx_word' id='word_1_59' title='bbox 560 875 619 936; x_wconf 91' lang='lat' dir='ltr'><strong>pro</strong></span> <span class='ocrx_word' id='word_1_60' title='bbox 634 862 741 923; x_wconf 91' lang='lat' dir='ltr'><strong>salute</strong></span> <span class='ocrx_word' id='word_1_61' title='bbox 766 862 880 924; x_wconf 88' lang='lat' dir='ltr'><strong>israel.</strong></span> <span class='ocrx_word' id='word_1_62' title='bbox 897 863 1013 925; x_wconf 88' lang='lat' dir='ltr'><strong>Cbris-</strong></span> <span class='ocrx_word' id='word_1_63' title='bbox 1066 867 1146 937; x_wconf 82' lang='lat' dir='ltr'><strong>qutc</strong></span> <span class='ocrx_word' id='word_1_64' title='bbox 1169 866 1350 939; x_wconf 69' lang='lat' dir='ltr'><strong>nemmem</strong></span> <span class='ocrx_word' id='word_1_65' title='bbox 1376 880 1445 926; x_wconf 78' lang='lat' dir='ltr'><strong>non</strong></span> <span class='ocrx_word' id='word_1_66' title='bbox 1472 868 1654 936; x_wconf 74' lang='grc' dir='ltr'><strong>Ιιαῖσιηαε,</strong></span> <span class='ocrx_word' id='word_1_67' title='bbox 1683 868 1872 940; x_wconf 81' lang='lat' dir='ltr'><strong>nosipsos</strong></span> 
     </span>
     <span class='ocr_line' id='line_1_7' title="bbox 214 953 1871 1040; baseline 0.005 -26"><span class='ocrx_word' id='word_1_68' title='bbox 214 954 267 1014; x_wconf 89' lang='lat' dir='ltr'><strong>tus</strong></span> <span class='ocrx_word' id='word_1_69' title='bbox 283 953 398 1016; x_wconf 90' lang='lat' dir='ltr'><strong>obtulit</strong></span> <span class='ocrx_word' id='word_1_70' title='bbox 421 956 567 1033; x_wconf 90' lang='lat' dir='ltr'><strong>seipsum</strong></span> <span class='ocrx_word' id='word_1_71' title='bbox 590 957 625 1018; x_wconf 92' lang='lat' dir='ltr'><strong>in</strong></span> <span class='ocrx_word' id='word_1_72' title='bbox 650 975 759 1033; x_wconf 88' lang='lat' dir='ltr'><strong>cruce,</strong></span> <span class='ocrx_word' id='word_1_73' title='bbox 782 961 878 1035; x_wconf 91' lang='lat' dir='ltr'><strong>idest,</strong></span> <span class='ocrx_word' id='word_1_74' title='bbox 893 977 1011 1040; x_wconf 86' lang='lat' dir='ltr'><strong>corpus</strong></span> <span class='ocrx_word' id='word_1_75' title='bbox 1065 963 1279 1034; x_wconf 74' lang='lat' dir='ltr'><strong><em>seducimus,</em></strong></span> <span class='ocrx_word' id='word_1_76' title='bbox 1308 960 1343 1023; x_wconf 83' lang='lat' dir='ltr'><strong>ct</strong></span> <span class='ocrx_word' id='word_1_77' title='bbox 1369 961 1502 1023; x_wconf 74' lang='lat' dir='ltr'><strong>veritus</strong></span> <span class='ocrx_word' id='word_1_78' title='bbox 1528 964 1568 1023; x_wconf 81' lang='lat' dir='ltr'><strong>tn</strong></span> <span class='ocrx_word' id='word_1_79' title='bbox 1593 964 1692 1023; x_wconf 67' lang='lat' dir='ltr'><strong>scobis</strong></span> <span class='ocrx_word' id='word_1_80' title='bbox 1724 977 1796 1023; x_wconf 79' lang='lat' dir='ltr'><strong>non</strong></span> <span class='ocrx_word' id='word_1_81' title='bbox 1818 962 1871 1024; x_wconf 78' lang='lat' dir='ltr'><strong>est</strong></span> 
     </span>
     <span class='ocr_line' id='line_1_8' title="bbox 215 1050 1870 1139; baseline 0.005 -28"><span class='ocrx_word' id='word_1_82' title='bbox 215 1050 367 1113; x_wconf 86' lang='lat' dir='ltr'><strong>suamab</strong></span> <span class='ocrx_word' id='word_1_83' title='bbox 381 1054 472 1114; x_wconf 91' lang='lat' dir='ltr'><strong>omni</strong></span> <span class='ocrx_word' id='word_1_84' title='bbox 492 1058 627 1131; x_wconf 89' lang='lat' dir='ltr'><strong>peccato</strong></span> <span class='ocrx_word' id='word_1_85' title='bbox 648 1057 806 1119; x_wconf 88' lang='lat' dir='ltr'><strong>mundum</strong></span> <span class='ocrx_word' id='word_1_86' title='bbox 822 1075 882 1137; x_wconf 89' lang='lat' dir='ltr'><strong>pro</strong></span> <span class='ocrx_word' id='word_1_87' title='bbox 905 1060 1012 1122; x_wconf 88' lang='lat' dir='ltr'><strong>salute</strong></span> <span class='ocrx_word' id='word_1_88' title='bbox 1067 1055 1096 1136; x_wconf 89' lang='lat' dir='ltr'><strong>(l</strong></span> <span class='ocrx_word' id='word_1_89' title='bbox 1113 1059 1209 1120; x_wconf 84' lang='lat' dir='ltr'><strong>Joau.</strong></span> <span class='ocrx_word' id='word_1_90' title='bbox 1230 1073 1253 1131; x_wconf 92' lang='lat'><strong>1,</strong></span> <span class='ocrx_word' id='word_1_91' title='bbox 1273 1057 1319 1139; x_wconf 83' lang='lat' dir='ltr'><strong>S).</strong></span> <span class='ocrx_word' id='word_1_92' title='bbox 1335 1058 1476 1121; x_wconf 80' lang='lat' dir='ltr'>Mortale</span> <span class='ocrx_word' id='word_1_93' title='bbox 1489 1060 1662 1136; x_wconf 87' lang='lat' dir='ltr'><strong>peccatum</strong></span> <span class='ocrx_word' id='word_1_94' title='bbox 1686 1060 1739 1121; x_wconf 87' lang='lat' dir='ltr'><strong>est</strong></span> <span class='ocrx_word' id='word_1_95' title='bbox 1759 1061 1870 1120; x_wconf 86' lang='lat' dir='ltr'><strong>motus</strong></span> 
     </span>
     <span class='ocr_line' id='line_1_9' title="bbox 215 1149 1869 1232; baseline 0.005 -23"><span class='ocrx_word' id='word_1_96' title='bbox 215 1149 362 1210; x_wconf 91' lang='lat' dir='ltr'><strong>omnium</strong></span> <span class='ocrx_word' id='word_1_97' title='bbox 384 1152 544 1213; x_wconf 87' lang='lat' dir='ltr'><strong>nostrum.</strong></span> <span class='ocrx_word' id='word_1_98' title='bbox 570 1154 610 1215; x_wconf 83' lang='lat' dir='ltr'><strong>ut</strong></span> <span class='ocrx_word' id='word_1_99' title='bbox 627 1153 674 1215; x_wconf 91' lang='lat' dir='ltr'><strong>ita</strong></span> <span class='ocrx_word' id='word_1_100' title='bbox 697 1159 882 1232; x_wconf 79' lang='lat' dir='ltr'>pugnantes</span> <span class='ocrx_word' id='word_1_101' title='bbox 903 1157 1013 1220; x_wconf 90' lang='lat' dir='ltr'><strong>vinci·</strong></span> <span class='ocrx_word' id='word_1_102' title='bbox 1065 1155 1107 1216; x_wconf 89' lang='lat' dir='ltr'><strong>ad</strong></span> <span class='ocrx_word' id='word_1_103' title='bbox 1133 1156 1251 1218; x_wconf 90' lang='lat' dir='ltr'><strong>illicita</strong></span> <span class='ocrx_word' id='word_1_104' title='bbox 1274 1172 1349 1218; x_wconf 92' lang='lat' dir='ltr'><strong>cum</strong></span> <span class='ocrx_word' id='word_1_105' title='bbox 1373 1156 1705 1229; x_wconf 71' lang='lat' dir='ltr'><strong>commutationis,</strong></span> <span class='ocrx_word' id='word_1_106' title='bbox 1721 1156 1869 1218; x_wconf 86' lang='lat' dir='ltr'><strong>etiamsi</strong></span> 
     </span>
     <span class='ocr_line' id='line_1_10' title="bbox 215 1247 1871 1332; baseline 0.005 -26"><span class='ocrx_word' id='word_1_107' title='bbox 215 1261 288 1307; x_wconf 91' lang='lat' dir='ltr'><strong>mus</strong></span> <span class='ocrx_word' id='word_1_108' title='bbox 303 1247 469 1321; x_wconf 90' lang='lat' dir='ltr'><strong>inimicos,</strong></span> <span class='ocrx_word' id='word_1_109' title='bbox 486 1249 582 1323; x_wconf 91' lang='lat' dir='ltr'><strong>idest,</strong></span> <span class='ocrx_word' id='word_1_110' title='bbox 598 1251 762 1329; x_wconf 88' lang='lat' dir='ltr'><strong>malignos</strong></span> <span class='ocrx_word' id='word_1_111' title='bbox 778 1254 926 1330; x_wconf 89' lang='lat' dir='ltr'><strong>spiritus.</strong></span> <span class='ocrx_word' id='word_1_112' title='bbox 1066 1268 1133 1315; x_wconf 92' lang='lat' dir='ltr'><strong>non</strong></span> <span class='ocrx_word' id='word_1_113' title='bbox 1148 1255 1306 1332; x_wconf 85' lang='lat' dir='ltr'><strong>sequatur</strong></span> <span class='ocrx_word' id='word_1_114' title='bbox 1318 1256 1413 1317; x_wconf 90' lang='lat' dir='ltr'><strong>actus</strong></span> <span class='ocrx_word' id='word_1_115' title='bbox 1425 1270 1469 1316; x_wconf 91' lang='lat' dir='ltr'><strong>ex</strong></span> <span class='ocrx_word' id='word_1_116' title='bbox 1484 1271 1548 1332; x_wconf 92' lang='lat' dir='ltr'><strong>quo</strong></span> <span class='ocrx_word' id='word_1_117' title='bbox 1565 1255 1718 1317; x_wconf 82' lang='lat' dir='ltr'><strong>deceruit</strong></span> <span class='ocrx_word' id='word_1_118' title='bbox 1740 1254 1871 1316; x_wconf 72' lang='lat' dir='ltr'><strong>iamen-</strong></span> 
     </span>
     <span class='ocr_line' id='line_1_11' title="bbox 255 1346 1867 1428; baseline 0.006 -23"><span class='ocrx_word' id='word_1_119' title='bbox 255 1346 428 1406; x_wconf 90' lang='lat' dir='ltr'><strong>Secnndus</strong></span> <span class='ocrx_word' id='word_1_120' title='bbox 442 1346 514 1408; x_wconf 89' lang='lat' dir='ltr'><strong>dies</strong></span> <span class='ocrx_word' id='word_1_121' title='bbox 535 1349 732 1425; x_wconf 79' lang='lat' dir='ltr'><strong>perditionis</strong></span> <span class='ocrx_word' id='word_1_122' title='bbox 748 1353 799 1412; x_wconf 90' lang='lat' dir='ltr'><strong>est</strong></span> <span class='ocrx_word' id='word_1_123' title='bbox 819 1351 1011 1428; x_wconf 86' lang='lat' dir='ltr'><strong>designatus</strong></span> <span class='ocrx_word' id='word_1_124' title='bbox 1066 1351 1154 1413; x_wconf 89' lang='lat' dir='ltr'><strong>dum.</strong></span> <span class='ocrx_word' id='word_1_125' title='bbox 1171 1355 1218 1413; x_wconf 87' lang='lat' dir='ltr'><strong>De</strong></span> <span class='ocrx_word' id='word_1_126' title='bbox 1239 1351 1303 1413; x_wconf 92' lang='lat' dir='ltr'><strong>boc</strong></span> <span class='ocrx_word' id='word_1_127' title='bbox 1326 1352 1374 1414; x_wconf 91' lang='lat' dir='ltr'><strong>ait</strong></span> <span class='ocrx_word' id='word_1_128' title='bbox 1392 1352 1498 1414; x_wconf 81' lang='lat' dir='ltr'><strong>isaias</strong></span> <span class='ocrx_word' id='word_1_129' title='bbox 1520 1373 1528 1414; x_wconf 73' lang='grc' dir='ltr'>ε</span> <span class='ocrx_word' id='word_1_130' title='bbox 1549 1354 1740 1415; x_wconf 73' lang='lat' dir='ltr'><strong>Peccatum</strong></span> <span class='ocrx_word' id='word_1_131' title='bbox 1765 1369 1867 1415; x_wconf 77' lang='lat' dir='ltr'><strong>aman</strong></span> 
     </span>
     <span class='ocr_line' id='line_1_12' title="bbox 213 1440 1865 1530; baseline 0.006 -29"><span class='ocrx_word' id='word_1_132' title='bbox 213 1440 250 1501; x_wconf 93' lang='lat' dir='ltr'><strong>in</strong></span> <span class='ocrx_word' id='word_1_133' title='bbox 264 1457 316 1514; x_wconf 90' lang='lat' dir='ltr'><strong>eo,</strong></span> <span class='ocrx_word' id='word_1_134' title='bbox 337 1441 371 1504; x_wconf 92' lang='lat' dir='ltr'><strong>in</strong></span> <span class='ocrx_word' id='word_1_135' title='bbox 394 1459 459 1521; x_wconf 90' lang='lat' dir='ltr'><strong>quo</strong></span> <span class='ocrx_word' id='word_1_136' title='bbox 474 1447 588 1522; x_wconf 85' lang='lat' dir='ltr'><strong>aperta</strong></span> <span class='ocrx_word' id='word_1_137' title='bbox 604 1448 653 1509; x_wconf 89' lang='lat' dir='ltr'><strong>est</strong></span> <span class='ocrx_word' id='word_1_138' title='bbox 676 1451 777 1521; x_wconf 87' lang='lat' dir='ltr'><strong>terra,</strong></span> <span class='ocrx_word' id='word_1_139' title='bbox 791 1450 824 1511; x_wconf 89' lang='lat' dir='ltr'><strong>et</strong></span> <span class='ocrx_word' id='word_1_140' title='bbox 838 1448 1012 1524; x_wconf 80' lang='lat' dir='ltr'><strong>deglutivit</strong></span> <span class='ocrx_word' id='word_1_141' title='bbox 1064 1450 1154 1512; x_wconf 80' lang='lat' dir='ltr'><strong>sicut</strong></span> <span class='ocrx_word' id='word_1_142' title='bbox 1177 1453 1324 1512; x_wconf 77' lang='lat' dir='ltr'><strong>sedeam</strong></span> <span class='ocrx_word' id='word_1_143' title='bbox 1346 1453 1630 1525; x_wconf 67' lang='lat' dir='ltr'><strong>praedicaverunt</strong></span> <span class='ocrx_word' id='word_1_144' title='bbox 1654 1449 1714 1530; x_wconf 89' lang='lat' dir='ltr'><strong>(ls.</strong></span> <span class='ocrx_word' id='word_1_145' title='bbox 1743 1466 1795 1522; x_wconf 88' lang='lat' dir='ltr'><strong>m,</strong></span> <span class='ocrx_word' id='word_1_146' title='bbox 1819 1449 1865 1529; x_wconf 76' lang='lat'><strong>9).</strong></span> 
     </span>
     <span class='ocr_line' id='line_1_13' title="bbox 214 1538 1869 1625; baseline 0.006 -26"><span class='ocrx_word' id='word_1_147' title='bbox 214 1538 344 1602; x_wconf 83' lang='lat' dir='ltr'><strong>bathan</strong></span> <span class='ocrx_word' id='word_1_148' title='bbox 357 1542 390 1603; x_wconf 89' lang='lat' dir='ltr'><strong>et</strong></span> <span class='ocrx_word' id='word_1_149' title='bbox 402 1540 537 1605; x_wconf 75' lang='lat' dir='ltr'><strong>abiron.</strong></span> <span class='ocrx_word' id='word_1_150' title='bbox 553 1543 713 1607; x_wconf 76' lang='lat' dir='ltr'><strong>Similiter</strong></span> <span class='ocrx_word' id='word_1_151' title='bbox 725 1547 789 1609; x_wconf 89' lang='lat' dir='ltr'><strong>erit</strong></span> <span class='ocrx_word' id='word_1_152' title='bbox 808 1546 910 1609; x_wconf 90' lang='lat' dir='ltr'><strong>indie</strong></span> <span class='ocrx_word' id='word_1_153' title='bbox 924 1548 1012 1625; x_wconf 76' lang='lat' dir='ltr'><strong>tudi-</strong></span> <span class='ocrx_word' id='word_1_154' title='bbox 1065 1545 1869 1624; x_wconf 71' lang='lat' dir='ltr'><strong>EtinPsalmozlntquitctesawoesuper-prcssoe</strong></span> 
     </span>
     <span class='ocr_line' id='line_1_14' title="bbox 215 1637 1868 1724; baseline 0.005 -27"><span class='ocrx_word' id='word_1_155' title='bbox 215 1637 270 1710; x_wconf 88' lang='lat' dir='ltr'><strong>cii,</strong></span> <span class='ocrx_word' id='word_1_156' title='bbox 309 1638 396 1701; x_wconf 90' lang='lat' dir='ltr'><strong>sicut</strong></span> <span class='ocrx_word' id='word_1_157' title='bbox 435 1639 516 1702; x_wconf 88' lang='lat' dir='ltr'><strong>dicit</strong></span> <span class='ocrx_word' id='word_1_158' title='bbox 550 1641 688 1719; x_wconf 84' lang='lat' dir='ltr'><strong>Sibylla,</strong></span> <span class='ocrx_word' id='word_1_159' title='bbox 720 1643 817 1717; x_wconf 89' lang='lat' dir='ltr'><strong>idest,</strong></span> <span class='ocrx_word' id='word_1_160' title='bbox 844 1647 1012 1722; x_wconf 89' lang='lat' dir='ltr'><strong>aperietur</strong></span> <span class='ocrx_word' id='word_1_161' title='bbox 1064 1644 1262 1719; x_wconf 82' lang='lat' dir='ltr'><strong>suntcapul</strong></span> <span class='ocrx_word' id='word_1_162' title='bbox 1273 1659 1390 1706; x_wconf 83' lang='lat' dir='ltr'><strong>meum</strong></span> <span class='ocrx_word' id='word_1_163' title='bbox 1404 1640 1540 1724; x_wconf 71' lang='lat' dir='ltr'><strong>(Ps&#39;ffl,</strong></span> <span class='ocrx_word' id='word_1_164' title='bbox 1555 1644 1601 1723; x_wconf 90' lang='lat'><strong>5),</strong></span> <span class='ocrx_word' id='word_1_165' title='bbox 1618 1645 1751 1706; x_wconf 86' lang='lat' dir='ltr'><strong>scilicet</strong></span> <span class='ocrx_word' id='word_1_166' title='bbox 1771 1660 1868 1705; x_wconf 88' lang='lat' dir='ltr'><strong>men-</strong></span> 
     </span>
     <span class='ocr_line' id='line_1_15' title="bbox 215 1736 1868 1819; baseline 0.005 -24"><span class='ocrx_word' id='word_1_167' title='bbox 215 1736 592 1815; x_wconf 80' lang='lat' dir='ltr'><strong>terra:&#39;l&#39;arta1eumque</strong></span> <span class='ocrx_word' id='word_1_168' title='bbox 601 1740 702 1801; x_wconf 89' lang='lat' dir='ltr'><strong>cbaos</strong></span> <span class='ocrx_word' id='word_1_169' title='bbox 712 1742 910 1804; x_wconf 89' lang='lat' dir='ltr'><strong>monstrabit</strong></span> <span class='ocrx_word' id='word_1_170' title='bbox 920 1745 1011 1805; x_wconf 88' lang='lat' dir='ltr'><strong>terra</strong></span> <span class='ocrx_word' id='word_1_171' title='bbox 1065 1742 1151 1816; x_wconf 82' lang='lat' dir='ltr'><strong>tem3</strong></span> <span class='ocrx_word' id='word_1_172' title='bbox 1167 1741 1253 1819; x_wconf 91' lang='lat' dir='ltr'><strong>quod</strong></span> <span class='ocrx_word' id='word_1_173' title='bbox 1274 1741 1397 1803; x_wconf 87' lang='lat' dir='ltr'><strong>dicitur</strong></span> <span class='ocrx_word' id='word_1_174' title='bbox 1410 1742 1560 1813; x_wconf 89' lang='lat' dir='ltr'><strong>mortale,</strong></span> <span class='ocrx_word' id='word_1_175' title='bbox 1570 1742 1649 1819; x_wconf 89' lang='lat' dir='ltr'><strong>quia</strong></span> <span class='ocrx_word' id='word_1_176' title='bbox 1673 1742 1780 1803; x_wconf 82' lang='lat' dir='ltr'><strong>elficit</strong></span> <span class='ocrx_word' id='word_1_177' title='bbox 1793 1743 1868 1802; x_wconf 89' lang='lat' dir='ltr'><strong>aui-</strong></span> 
     </span>
     <span class='ocr_line' id='line_1_16' title="bbox 214 1831 1866 1916; baseline 0.006 -25"><span class='ocrx_word' id='word_1_178' title='bbox 214 1831 400 1893; x_wconf 88' lang='lat' dir='ltr'><strong>dehiscens.</strong></span> <span class='ocrx_word' id='word_1_179' title='bbox 417 1834 522 1896; x_wconf 80' lang='lat' dir='ltr'><strong>&#39;l&#39;erra</strong></span> <span class='ocrx_word' id='word_1_180' title='bbox 533 1834 720 1910; x_wconf 86' lang='lat' dir='ltr'><strong>dehiscens,</strong></span> <span class='ocrx_word' id='word_1_181' title='bbox 745 1838 840 1911; x_wconf 90' lang='lat' dir='ltr'><strong>idest,</strong></span> <span class='ocrx_word' id='word_1_182' title='bbox 857 1840 1011 1916; x_wconf 90' lang='lat' dir='ltr'><strong>aperiens</strong></span> <span class='ocrx_word' id='word_1_183' title='bbox 1065 1853 1152 1899; x_wconf 89' lang='lat' dir='ltr'><strong>mam</strong></span> <span class='ocrx_word' id='word_1_184' title='bbox 1186 1838 1320 1915; x_wconf 80' lang='lat' dir='ltr'><strong>dignam</strong></span> <span class='ocrx_word' id='word_1_185' title='bbox 1355 1840 1460 1901; x_wconf 89' lang='lat' dir='ltr'><strong>morte</strong></span> <span class='ocrx_word' id='word_1_186' title='bbox 1493 1841 1639 1908; x_wconf 80' lang='lat' dir='ltr'><strong>aeterna,</strong></span> <span class='ocrx_word' id='word_1_187' title='bbox 1674 1855 1866 1916; x_wconf 80' lang='lat' dir='ltr'><strong>quanquam</strong></span> 
     </span>
     <span class='ocr_line' id='line_1_17' title="bbox 213 1929 1866 2014; baseline 0.005 -25"><span class='ocrx_word' id='word_1_188' title='bbox 213 1929 266 1991; x_wconf 92' lang='lat' dir='ltr'><strong>vel</strong></span> <span class='ocrx_word' id='word_1_189' title='bbox 275 1930 430 1991; x_wconf 90' lang='lat' dir='ltr'><strong>scindens</strong></span> <span class='ocrx_word' id='word_1_190' title='bbox 443 1948 490 2005; x_wconf 88' lang='lat' dir='ltr'><strong>se,</strong></span> <span class='ocrx_word' id='word_1_191' title='bbox 502 1933 887 1998; x_wconf 86' lang='lat' dir='ltr'><strong>monstrabittartareum</strong></span> <span class='ocrx_word' id='word_1_192' title='bbox 896 1937 1008 2011; x_wconf 91' lang='lat' dir='ltr'><strong>cbaos,</strong></span> <span class='ocrx_word' id='word_1_193' title='bbox 1066 1935 1169 2013; x_wconf 89' lang='lat' dir='ltr'><strong>possit</strong></span> <span class='ocrx_word' id='word_1_194' title='bbox 1195 1936 1261 1997; x_wconf 90' lang='lat' dir='ltr'><strong>dici</strong></span> <span class='ocrx_word' id='word_1_195' title='bbox 1290 1934 1445 2009; x_wconf 85' lang='lat' dir='ltr'><strong>mortale,</strong></span> <span class='ocrx_word' id='word_1_196' title='bbox 1471 1936 1548 2014; x_wconf 90' lang='lat' dir='ltr'><strong>quia</strong></span> <span class='ocrx_word' id='word_1_197' title='bbox 1576 1936 1724 1997; x_wconf 91' lang='lat' dir='ltr'><strong>animam</strong></span> <span class='ocrx_word' id='word_1_198' title='bbox 1758 1937 1866 2014; x_wconf 88' lang='lat' dir='ltr'><strong>ipsam</strong></span> 
     </span>
     <span class='ocr_line' id='line_1_18' title="bbox 213 2025 1866 2111; baseline 0.004 -24"><span class='ocrx_word' id='word_1_199' title='bbox 213 2025 309 2099; x_wconf 89' lang='lat' dir='ltr'><strong>idest,</strong></span> <span class='ocrx_word' id='word_1_200' title='bbox 326 2026 583 2104; x_wconf 77' lang='lat' dir='ltr'><strong>profunditatem</strong></span> <span class='ocrx_word' id='word_1_201' title='bbox 600 2032 652 2093; x_wconf 92' lang='lat' dir='ltr'><strong>vel</strong></span> <span class='ocrx_word' id='word_1_202' title='bbox 667 2033 860 2109; x_wconf 88' lang='lat' dir='ltr'><strong>voraginem</strong></span> <span class='ocrx_word' id='word_1_203' title='bbox 874 2033 1008 2097; x_wconf 83' lang='lat' dir='ltr'><strong>interni.</strong></span> <span class='ocrx_word' id='word_1_204' title='bbox 1065 2033 1187 2096; x_wconf 91' lang='lat' dir='ltr'><strong>occidit</strong></span> <span class='ocrx_word' id='word_1_205' title='bbox 1206 2034 1239 2095; x_wconf 87' lang='lat' dir='ltr'><strong>et</strong></span> <span class='ocrx_word' id='word_1_206' title='bbox 1251 2035 1415 2096; x_wconf 69' lang='lat' dir='ltr'><strong>mortium</strong></span> <span class='ocrx_word' id='word_1_207' title='bbox 1429 2032 1520 2103; x_wconf 84' lang='lat' dir='ltr'><strong>lacit,</strong></span> <span class='ocrx_word' id='word_1_208' title='bbox 1545 2033 1623 2111; x_wconf 92' lang='lat' dir='ltr'><strong>quia</strong></span> <span class='ocrx_word' id='word_1_209' title='bbox 1648 2033 1866 2095; x_wconf 88' lang='lat' dir='ltr'><strong>adversarius</strong></span> 
     </span>
     <span class='ocr_line' id='line_1_19' title="bbox 214 2125 1865 2209; baseline 0.004 -23"><span class='ocrx_word' id='word_1_210' title='bbox 214 2125 255 2186; x_wconf 81' lang='lat' dir='ltr'><strong>Et</strong></span> <span class='ocrx_word' id='word_1_211' title='bbox 268 2127 338 2188; x_wconf 90' lang='lat' dir='ltr'><strong>tum</strong></span> <span class='ocrx_word' id='word_1_212' title='bbox 351 2126 502 2189; x_wconf 89' lang='lat' dir='ltr'><strong>homines</strong></span> <span class='ocrx_word' id='word_1_213' title='bbox 518 2128 667 2205; x_wconf 82' lang='lat' dir='ltr'><strong>maligni,</strong></span> <span class='ocrx_word' id='word_1_214' title='bbox 684 2132 819 2208; x_wconf 86' lang='lat' dir='ltr'><strong>accepta</strong></span> <span class='ocrx_word' id='word_1_215' title='bbox 833 2133 1009 2205; x_wconf 88' lang='lat' dir='ltr'><strong>sententia,</strong></span> <span class='ocrx_word' id='word_1_216' title='bbox 1065 2134 1179 2193; x_wconf 89' lang='lat' dir='ltr'><strong>noster</strong></span> <span class='ocrx_word' id='word_1_217' title='bbox 1200 2130 1351 2192; x_wconf 90' lang='lat' dir='ltr'><strong>diabolus</strong></span> <span class='ocrx_word' id='word_1_218' title='bbox 1372 2147 1504 2208; x_wconf 81' lang='lat' dir='ltr'><strong>semper</strong></span> <span class='ocrx_word' id='word_1_219' title='bbox 1517 2133 1644 2209; x_wconf 81' lang='lat' dir='ltr'><strong>pugnat</strong></span> <span class='ocrx_word' id='word_1_220' title='bbox 1657 2134 1778 2192; x_wconf 85' lang='lat' dir='ltr'><strong>contra</strong></span> <span class='ocrx_word' id='word_1_221' title='bbox 1792 2147 1865 2193; x_wconf 86' lang='lat' dir='ltr'><strong>nos</strong></span> 
     </span>
     <span class='ocr_line' id='line_1_20' title="bbox 214 2224 1866 2305; baseline 0.002 -21"><span class='ocrx_word' id='word_1_222' title='bbox 214 2224 269 2284; x_wconf 83' lang='lat' dir='ltr'><strong>Ite</strong></span> <span class='ocrx_word' id='word_1_223' title='bbox 291 2225 464 2286; x_wconf 78' lang='lat' dir='ltr'><strong>maledicti</strong></span> <span class='ocrx_word' id='word_1_224' title='bbox 485 2229 522 2287; x_wconf 81' lang='lat' dir='ltr'><strong>tn</strong></span> <span class='ocrx_word' id='word_1_225' title='bbox 541 2230 655 2303; x_wconf 75' lang='lat' dir='ltr'><strong>ignem</strong></span> <span class='ocrx_word' id='word_1_226' title='bbox 674 2229 856 2301; x_wconf 69' lang='lat' dir='ltr'><strong>calmum,</strong></span> <span class='ocrx_word' id='word_1_227' title='bbox 872 2228 1013 2291; x_wconf 88' lang='lat' dir='ltr'><strong>descen·</strong></span> <span class='ocrx_word' id='word_1_228' title='bbox 1106 2230 1172 2290; x_wconf 88' lang='lat' dir='ltr'><strong>Sex</strong></span> <span class='ocrx_word' id='word_1_229' title='bbox 1210 2228 1317 2290; x_wconf 91' lang='lat' dir='ltr'><strong>modis</strong></span> <span class='ocrx_word' id='word_1_230' title='bbox 1346 2229 1518 2305; x_wconf 89' lang='lat' dir='ltr'><strong>impugnat</strong></span> <span class='ocrx_word' id='word_1_231' title='bbox 1545 2244 1606 2290; x_wconf 87' lang='lat' dir='ltr'><strong>nos</strong></span> <span class='ocrx_word' id='word_1_232' title='bbox 1637 2228 1797 2289; x_wconf 79' lang='lat' dir='ltr'><strong>inimicus</strong></span> <span class='ocrx_word' id='word_1_233' title='bbox 1818 2244 1866 2289; x_wconf 89' lang='lat' dir='ltr'><strong>:a</strong></span> 
     </span>
     <span class='ocr_line' id='line_1_21' title="bbox 214 2320 1867 2403; baseline 0.002 -21"><span class='ocrx_word' id='word_1_234' title='bbox 214 2320 292 2383; x_wconf 88' lang='lat' dir='ltr'><strong>dent</strong></span> <span class='ocrx_word' id='word_1_235' title='bbox 306 2322 456 2384; x_wconf 88' lang='lat' dir='ltr'><strong>viventes</strong></span> <span class='ocrx_word' id='word_1_236' title='bbox 478 2322 512 2383; x_wconf 91' lang='lat' dir='ltr'><strong>in</strong></span> <span class='ocrx_word' id='word_1_237' title='bbox 534 2323 711 2398; x_wconf 85' lang='lat' dir='ltr'><strong>internum,</strong></span> <span class='ocrx_word' id='word_1_238' title='bbox 729 2327 815 2390; x_wconf 91' lang='lat' dir='ltr'><strong>sicut</strong></span> <span class='ocrx_word' id='word_1_239' title='bbox 829 2326 1010 2390; x_wconf 87' lang='lat' dir='ltr'><strong>descende·</strong></span> <span class='ocrx_word' id='word_1_240' title='bbox 1064 2326 1169 2403; x_wconf 88' lang='lat' dir='ltr'><strong>tergo,</strong></span> <span class='ocrx_word' id='word_1_241' title='bbox 1191 2326 1377 2398; x_wconf 81' lang='lat' dir='ltr'><strong>infaciem,</strong></span> <span class='ocrx_word' id='word_1_242' title='bbox 1400 2342 1422 2387; x_wconf 91' lang='lat' dir='ltr'><strong>a</strong></span> <span class='ocrx_word' id='word_1_243' title='bbox 1443 2325 1579 2397; x_wconf 83' lang='lat' dir='ltr'><strong>dextris,</strong></span> <span class='ocrx_word' id='word_1_244' title='bbox 1602 2342 1623 2388; x_wconf 90' lang='lat' dir='ltr'><strong>a</strong></span> <span class='ocrx_word' id='word_1_245' title='bbox 1645 2326 1805 2397; x_wconf 85' lang='lat' dir='ltr'><strong>sinistris,</strong></span> <span class='ocrx_word' id='word_1_246' title='bbox 1826 2325 1867 2385; x_wconf 88' lang='lat' dir='ltr'><strong>de</strong></span> 
     </span>
     <span class='ocr_line' id='line_1_22' title="bbox 213 2420 1863 2499; baseline 0.003 -20"><span class='ocrx_word' id='word_1_247' title='bbox 213 2420 292 2480; x_wconf 87' lang='lat' dir='ltr'><strong>runt</strong></span> <span class='ocrx_word' id='word_1_248' title='bbox 307 2420 435 2481; x_wconf 83' lang='lat' dir='ltr'><strong>bathan</strong></span> <span class='ocrx_word' id='word_1_249' title='bbox 449 2422 483 2483; x_wconf 86' lang='lat' dir='ltr'><strong>et</strong></span> <span class='ocrx_word' id='word_1_250' title='bbox 496 2421 632 2484; x_wconf 83' lang='lat' dir='ltr'><strong>Abiron.</strong></span> <span class='ocrx_word' id='word_1_251' title='bbox 1065 2438 1209 2496; x_wconf 90' lang='lat' dir='ltr'><strong>sursum,</strong></span> <span class='ocrx_word' id='word_1_252' title='bbox 1236 2423 1277 2485; x_wconf 92' lang='lat' dir='ltr'><strong>de</strong></span> <span class='ocrx_word' id='word_1_253' title='bbox 1302 2424 1468 2485; x_wconf 90' lang='lat' dir='ltr'><strong>deorsum.</strong></span> <span class='ocrx_word' id='word_1_254' title='bbox 1496 2425 1523 2484; x_wconf 83' lang='grc' dir='ltr'><strong>Α</strong></span> <span class='ocrx_word' id='word_1_255' title='bbox 1551 2422 1651 2484; x_wconf 89' lang='lat' dir='ltr'><strong>dorso</strong></span> <span class='ocrx_word' id='word_1_256' title='bbox 1678 2422 1863 2499; x_wconf 87' lang='lat' dir='ltr'><strong>impugnat,</strong></span> 
     </span>
     <span class='ocr_line' id='line_1_23' title="bbox 253 2517 1866 2601; baseline 0.001 -24"><span class='ocrx_word' id='word_1_257' title='bbox 253 2517 383 2579; x_wconf 79' lang='lat' dir='ltr'><strong>Tertius</strong></span> <span class='ocrx_word' id='word_1_258' title='bbox 407 2519 478 2581; x_wconf 90' lang='lat' dir='ltr'><strong>dies</strong></span> <span class='ocrx_word' id='word_1_259' title='bbox 506 2521 556 2582; x_wconf 91' lang='lat' dir='ltr'><strong>est</strong></span> <span class='ocrx_word' id='word_1_260' title='bbox 583 2521 776 2598; x_wconf 88' lang='lat' dir='ltr'><strong>designatus</strong></span> <span class='ocrx_word' id='word_1_261' title='bbox 802 2522 837 2584; x_wconf 90' lang='lat' dir='ltr'><strong>in</strong></span> <span class='ocrx_word' id='word_1_262' title='bbox 860 2538 900 2585; x_wconf 87' lang='lat' dir='ltr'><strong>eo</strong></span> <span class='ocrx_word' id='word_1_263' title='bbox 924 2524 1010 2601; x_wconf 90' lang='lat' dir='ltr'><strong>quod</strong></span> <span class='ocrx_word' id='word_1_264' title='bbox 1066 2537 1140 2583; x_wconf 91' lang='lat' dir='ltr'><strong>cum</strong></span> <span class='ocrx_word' id='word_1_265' title='bbox 1166 2522 1207 2582; x_wconf 87' lang='lat' dir='ltr'><strong>ad</strong></span> <span class='ocrx_word' id='word_1_266' title='bbox 1231 2523 1364 2583; x_wconf 89' lang='lat' dir='ltr'><strong>terrena</strong></span> <span class='ocrx_word' id='word_1_267' title='bbox 1390 2519 1555 2582; x_wconf 87' lang='lat' dir='ltr'><strong>desideria</strong></span> <span class='ocrx_word' id='word_1_268' title='bbox 1576 2536 1653 2597; x_wconf 77' lang='lat' dir='ltr'><strong>quas</strong></span> <span class='ocrx_word' id='word_1_269' title='bbox 1677 2520 1866 2580; x_wconf 88' lang='lat' dir='ltr'><strong>dimisimus</strong></span> 
     </span>
     <span class='ocr_line' id='line_1_24' title="bbox 214 2614 1864 2696; baseline 0.002 -22"><span class='ocrx_word' id='word_1_270' title='bbox 214 2614 370 2676; x_wconf 86' lang='lat' dir='ltr'><strong>Salomon</strong></span> <span class='ocrx_word' id='word_1_271' title='bbox 387 2616 553 2680; x_wconf 89' lang='lat' dir='ltr'><strong>dedicavit</strong></span> <span class='ocrx_word' id='word_1_272' title='bbox 566 2618 724 2695; x_wconf 88' lang='lat' dir='ltr'><strong>templum</strong></span> <span class='ocrx_word' id='word_1_273' title='bbox 738 2621 771 2681; x_wconf 90' lang='grc' dir='ltr'><strong>θῖ</strong></span> <span class='ocrx_word' id='word_1_274' title='bbox 784 2619 864 2682; x_wconf 83' lang='lat' dir='ltr'><strong>lecit</strong></span> <span class='ocrx_word' id='word_1_275' title='bbox 879 2620 1011 2683; x_wconf 80' lang='lat' dir='ltr'><strong>testivi—</strong></span> <span class='ocrx_word' id='word_1_276' title='bbox 1065 2619 1233 2696; x_wconf 87' lang='lat' dir='ltr'><strong>respicere</strong></span> <span class='ocrx_word' id='word_1_277' title='bbox 1265 2619 1393 2680; x_wconf 84' lang='lat' dir='ltr'><strong>suadet.</strong></span> <span class='ocrx_word' id='word_1_278' title='bbox 1431 2617 1495 2679; x_wconf 90' lang='lat' dir='ltr'><strong>Sed</strong></span> <span class='ocrx_word' id='word_1_279' title='bbox 1519 2618 1672 2680; x_wconf 89' lang='lat' dir='ltr'><strong>emittere</strong></span> <span class='ocrx_word' id='word_1_280' title='bbox 1709 2616 1864 2678; x_wconf 85' lang='lat' dir='ltr'><strong>debemus</strong></span> 
     </span>
     <span class='ocr_line' id='line_1_25' title="bbox 212 2712 1866 2795; baseline 0.003 -26"><span class='ocrx_word' id='word_1_281' title='bbox 212 2712 314 2770; x_wconf 86' lang='lat' dir='ltr'><strong>tatem</strong></span> <span class='ocrx_word' id='word_1_282' title='bbox 329 2726 403 2772; x_wconf 90' lang='lat' dir='ltr'><strong>cum</strong></span> <span class='ocrx_word' id='word_1_283' title='bbox 416 2715 508 2774; x_wconf 90' lang='lat' dir='ltr'><strong>omni</strong></span> <span class='ocrx_word' id='word_1_284' title='bbox 531 2716 645 2777; x_wconf 89' lang='lat' dir='ltr'><strong>Israel.</strong></span> <span class='ocrx_word' id='word_1_285' title='bbox 670 2717 827 2779; x_wconf 90' lang='lat' dir='ltr'><strong>Salomon</strong></span> <span class='ocrx_word' id='word_1_286' title='bbox 845 2719 1012 2795; x_wconf 81' lang='lat' dir='ltr'><strong>significat</strong></span> <span class='ocrx_word' id='word_1_287' title='bbox 1066 2716 1221 2792; x_wconf 82' lang='lat' dir='ltr'><strong>sagittam</strong></span> <span class='ocrx_word' id='word_1_288' title='bbox 1235 2715 1382 2777; x_wconf 90' lang='lat' dir='ltr'><strong>dicentes</strong></span> <span class='ocrx_word' id='word_1_289' title='bbox 1403 2737 1412 2776; x_wconf 73' lang='grc' dir='ltr'>ε</span> <span class='ocrx_word' id='word_1_290' title='bbox 1432 2719 1543 2779; x_wconf 79' lang='lat' dir='ltr'><strong>Nemo</strong></span> <span class='ocrx_word' id='word_1_291' title='bbox 1555 2718 1752 2789; x_wconf 68' lang='lat' dir='ltr'><strong>ramleram</strong></span> <span class='ocrx_word' id='word_1_292' title='bbox 1768 2716 1866 2775; x_wconf 76' lang='lat' dir='ltr'><strong>retro</strong></span> 
     </span>
     <span class='ocr_line' id='line_1_26' title="bbox 213 2805 1863 2892; baseline 0.003 -26"><span class='ocrx_word' id='word_1_293' title='bbox 213 2805 395 2879; x_wconf 84' lang='lat' dir='ltr'><strong>Christum,</strong></span> <span class='ocrx_word' id='word_1_294' title='bbox 425 2811 481 2885; x_wconf 91' lang='lat' dir='ltr'><strong>qui</strong></span> <span class='ocrx_word' id='word_1_295' title='bbox 514 2810 679 2873; x_wconf 85' lang='lat' dir='ltr'><strong>dedicabit</strong></span> <span class='ocrx_word' id='word_1_296' title='bbox 711 2814 886 2892; x_wconf 89' lang='lat' dir='ltr'><strong>templum,</strong></span> <span class='ocrx_word' id='word_1_297' title='bbox 913 2816 1009 2890; x_wconf 88' lang='lat' dir='ltr'><strong>idest,</strong></span> <span class='ocrx_word' id='word_1_298' title='bbox 1065 2815 1168 2889; x_wconf 83' lang='lat' dir='ltr'><strong>optus</strong></span> <span class='ocrx_word' id='word_1_299' title='bbox 1181 2814 1234 2876; x_wconf 81' lang='lat' dir='ltr'><strong>est</strong></span> <span class='ocrx_word' id='word_1_300' title='bbox 1247 2816 1431 2890; x_wconf 66' lang='lat' dir='ltr'><strong>manebat</strong></span> <span class='ocrx_word' id='word_1_301' title='bbox 1444 2811 1538 2892; x_wconf 88' lang='lat' dir='ltr'><strong>(Luc.</strong></span> <span class='ocrx_word' id='word_1_302' title='bbox 1551 2828 1598 2884; x_wconf 82' lang='lat' dir='ltr'><strong>rx,</strong></span> <span class='ocrx_word' id='word_1_303' title='bbox 1609 2810 1676 2891; x_wconf 82' lang='grc'><strong>62).</strong></span> <span class='ocrx_word' id='word_1_304' title='bbox 1694 2811 1863 2873; x_wconf 81' lang='lat' dir='ltr'><strong>infaciem</strong></span> 
     </span>
     <span class='ocr_line' id='line_1_27' title="bbox 213 2903 1864 2988; baseline 0.004 -26"><span class='ocrx_word' id='word_1_305' title='bbox 213 2903 434 2967; x_wconf 82' lang='lat' dir='ltr'><strong>sanctificabit</strong></span> <span class='ocrx_word' id='word_1_306' title='bbox 453 2906 634 2969; x_wconf 80' lang='lat' dir='ltr'><strong>Ecclesiam</strong></span> <span class='ocrx_word' id='word_1_307' title='bbox 653 2924 759 2982; x_wconf 90' lang='lat' dir='ltr'><strong>suam,</strong></span> <span class='ocrx_word' id='word_1_308' title='bbox 780 2913 813 2974; x_wconf 87' lang='lat' dir='ltr'><strong>et</strong></span> <span class='ocrx_word' id='word_1_309' title='bbox 831 2910 930 2975; x_wconf 79' lang='lat' dir='ltr'><strong>faciet</strong></span> <span class='ocrx_word' id='word_1_310' title='bbox 944 2912 1013 2974; x_wconf 84' lang='lat' dir='ltr'><strong>ies-</strong></span> <span class='ocrx_word' id='word_1_311' title='bbox 1065 2911 1249 2988; x_wconf 89' lang='lat' dir='ltr'><strong>impugnat,</strong></span> <span class='ocrx_word' id='word_1_312' title='bbox 1265 2926 1339 2971; x_wconf 89' lang='lat' dir='ltr'><strong>cum</strong></span> <span class='ocrx_word' id='word_1_313' title='bbox 1360 2909 1494 2987; x_wconf 83' lang='lat' dir='ltr'><strong>aliquod</strong></span> <span class='ocrx_word' id='word_1_314' title='bbox 1513 2908 1636 2971; x_wconf 91' lang='lat' dir='ltr'><strong>bonum</strong></span> <span class='ocrx_word' id='word_1_315' title='bbox 1659 2909 1864 2986; x_wconf 90' lang='lat' dir='ltr'><strong>propositum</strong></span> 
     </span>
     <span class='ocr_line' id='line_1_28' title="bbox 212 3002 1861 3085; baseline 0.002 -22"><span class='ocrx_word' id='word_1_316' title='bbox 212 3002 377 3064; x_wconf 88' lang='lat' dir='ltr'><strong>tivitatem</strong></span> <span class='ocrx_word' id='word_1_317' title='bbox 400 3019 475 3065; x_wconf 91' lang='lat' dir='ltr'><strong>cum</strong></span> <span class='ocrx_word' id='word_1_318' title='bbox 498 3006 588 3066; x_wconf 89' lang='lat' dir='ltr'><strong>omni</strong></span> <span class='ocrx_word' id='word_1_319' title='bbox 610 3006 729 3079; x_wconf 89' lang='lat' dir='ltr'><strong>lsrael,</strong></span> <span class='ocrx_word' id='word_1_320' title='bbox 754 3009 855 3083; x_wconf 88' lang='lat' dir='ltr'><strong>idest,</strong></span> <span class='ocrx_word' id='word_1_321' title='bbox 877 3009 1012 3073; x_wconf 88' lang='lat' dir='ltr'><strong>babebit</strong></span> <span class='ocrx_word' id='word_1_322' title='bbox 1066 3007 1151 3085; x_wconf 90' lang='lat' dir='ltr'><strong>quod</strong></span> <span class='ocrx_word' id='word_1_323' title='bbox 1174 3006 1341 3085; x_wconf 89' lang='lat' dir='ltr'><strong>usquead</strong></span> <span class='ocrx_word' id='word_1_324' title='bbox 1362 3006 1462 3067; x_wconf 85' lang='lat' dir='ltr'><strong>tinem</strong></span> <span class='ocrx_word' id='word_1_325' title='bbox 1481 3007 1596 3068; x_wconf 90' lang='lat' dir='ltr'><strong>tenere</strong></span> <span class='ocrx_word' id='word_1_326' title='bbox 1617 3005 1861 3083; x_wconf 86' lang='lat' dir='ltr'><strong>proposuimus,</strong></span> 
     </span>
     <span class='ocr_line' id='line_1_29' title="bbox 213 3098 1864 3176; baseline 0.001 -16"><span class='ocrx_word' id='word_1_327' title='bbox 213 3098 371 3176; x_wconf 87' lang='lat' dir='ltr'><strong>gaudium</strong></span> <span class='ocrx_word' id='word_1_328' title='bbox 394 3102 428 3163; x_wconf 90' lang='lat' dir='ltr'><strong>et</strong></span> <span class='ocrx_word' id='word_1_329' title='bbox 451 3101 601 3164; x_wconf 72' lang='lat' dir='ltr'><strong>letitiam</strong></span> <span class='ocrx_word' id='word_1_330' title='bbox 621 3103 751 3167; x_wconf 87' lang='lat' dir='ltr'><strong>iucoelo</strong></span> <span class='ocrx_word' id='word_1_331' title='bbox 764 3122 839 3168; x_wconf 87' lang='lat' dir='ltr'><strong>cum</strong></span> <span class='ocrx_word' id='word_1_332' title='bbox 859 3107 1011 3170; x_wconf 91' lang='lat' dir='ltr'><strong>omnibns</strong></span> <span class='ocrx_word' id='word_1_333' title='bbox 1065 3105 1220 3167; x_wconf 89' lang='lat' dir='ltr'><strong>deserere</strong></span> <span class='ocrx_word' id='word_1_334' title='bbox 1246 3105 1411 3166; x_wconf 90' lang='lat' dir='ltr'><strong>admonet.</strong></span> <span class='ocrx_word' id='word_1_335' title='bbox 1439 3103 1503 3166; x_wconf 87' lang='lat' dir='ltr'><strong>Sed</strong></span> <span class='ocrx_word' id='word_1_336' title='bbox 1529 3104 1681 3165; x_wconf 87' lang='lat' dir='ltr'><strong>emittere</strong></span> <span class='ocrx_word' id='word_1_337' title='bbox 1709 3103 1864 3164; x_wconf 87' lang='lat' dir='ltr'><strong>debemus</strong></span> 
     </span>
     <span class='ocr_line' id='line_1_30' title="bbox 216 3197 1863 3278; baseline 0.001 -19"><span class='ocrx_word' id='word_1_338' title='bbox 216 3198 342 3260; x_wconf 87' lang='lat' dir='ltr'><strong>sanctis</strong></span> <span class='ocrx_word' id='word_1_339' title='bbox 367 3200 401 3261; x_wconf 90' lang='lat' dir='ltr'><strong>et</strong></span> <span class='ocrx_word' id='word_1_340' title='bbox 426 3200 542 3262; x_wconf 89' lang='lat' dir='ltr'><strong>electis</strong></span> <span class='ocrx_word' id='word_1_341' title='bbox 567 3201 649 3263; x_wconf 87' lang='lat' dir='ltr'><strong>suis.</strong></span> <span class='ocrx_word' id='word_1_342' title='bbox 678 3203 771 3265; x_wconf 88' lang='lat' dir='ltr'><strong>Sicut</strong></span> <span class='ocrx_word' id='word_1_343' title='bbox 798 3206 887 3266; x_wconf 90' lang='lat' dir='ltr'><strong>enim</strong></span> <span class='ocrx_word' id='word_1_344' title='bbox 912 3205 1011 3267; x_wconf 86' lang='lat' dir='ltr'><strong>homo</strong></span> <span class='ocrx_word' id='word_1_345' title='bbox 1066 3202 1221 3278; x_wconf 86' lang='lat' dir='ltr'><strong>sagittam</strong></span> <span class='ocrx_word' id='word_1_346' title='bbox 1242 3201 1390 3263; x_wconf 87' lang='lat' dir='ltr'><strong>dicentes</strong></span> <span class='ocrx_word' id='word_1_347' title='bbox 1418 3223 1426 3262; x_wconf 92' lang='lat'><strong>:</strong></span> <span class='ocrx_word' id='word_1_348' title='bbox 1455 3202 1530 3264; x_wconf 93' lang='lat' dir='ltr'><strong>Non</strong></span> <span class='ocrx_word' id='word_1_349' title='bbox 1549 3199 1788 3262; x_wconf 85' lang='lat' dir='ltr'><strong>inchoantibus</strong></span> <span class='ocrx_word' id='word_1_350' title='bbox 1808 3197 1863 3260; x_wconf 85' lang='lat' dir='ltr'><strong>sed</strong></span> 
     </span>
     <span class='ocr_line' id='line_1_31' title="bbox 214 3296 1864 3378; baseline 0.001 -23"><span class='ocrx_word' id='word_1_351' title='bbox 214 3297 355 3359; x_wconf 90' lang='lat' dir='ltr'><strong>moritur</strong></span> <span class='ocrx_word' id='word_1_352' title='bbox 379 3297 599 3375; x_wconf 88' lang='lat' dir='ltr'><strong>spiritualiter</strong></span> <span class='ocrx_word' id='word_1_353' title='bbox 625 3315 700 3361; x_wconf 89' lang='lat' dir='ltr'><strong>cum</strong></span> <span class='ocrx_word' id='word_1_354' title='bbox 729 3303 860 3378; x_wconf 87' lang='lat' dir='ltr'><strong>peccat,</strong></span> <span class='ocrx_word' id='word_1_355' title='bbox 882 3302 1012 3366; x_wconf 88' lang='lat' dir='ltr'><strong>dicente</strong></span> <span class='ocrx_word' id='word_1_356' title='bbox 1066 3298 1355 3377; x_wconf 84' lang='lat' dir='ltr'><strong>perseverantibus</strong></span> <span class='ocrx_word' id='word_1_357' title='bbox 1394 3314 1521 3360; x_wconf 87' lang='lat' dir='ltr'><strong>merces</strong></span> <span class='ocrx_word' id='word_1_358' title='bbox 1556 3298 1674 3376; x_wconf 73' lang='lat' dir='ltr'><strong>patria</strong></span> <span class='ocrx_word' id='word_1_359' title='bbox 1722 3296 1864 3358; x_wconf 85' lang='lat' dir='ltr'><strong>coelestis</strong></span> 
     </span>
     <span class='ocr_line' id='line_1_32' title="bbox 214 3394 1864 3477; baseline 0 -23"><span class='ocrx_word' id='word_1_360' title='bbox 214 3394 387 3456; x_wconf 83' lang='lat' dir='ltr'><strong>Ezechiele</strong></span> <span class='ocrx_word' id='word_1_361' title='bbox 417 3417 425 3456; x_wconf 73' lang='grc' dir='ltr'><strong>ι</strong></span> <span class='ocrx_word' id='word_1_362' title='bbox 454 3400 581 3459; x_wconf 74' lang='lat' dir='ltr'><strong>Anicia</strong></span> <span class='ocrx_word' id='word_1_363' title='bbox 608 3413 686 3472; x_wconf 63' lang='grc' dir='ltr'><strong>θυαε</strong></span> <span class='ocrx_word' id='word_1_364' title='bbox 712 3401 908 3473; x_wconf 68' lang='lat' dir='ltr'><strong>peccaverat</strong></span> <span class='ocrx_word' id='word_1_365' title='bbox 935 3404 1012 3477; x_wconf 76' lang='lat' dir='ltr'><strong>ipsa</strong></span> <span class='ocrx_word' id='word_1_366' title='bbox 1066 3397 1278 3474; x_wconf 88' lang='lat' dir='ltr'><strong>promittitur.</strong></span> <span class='ocrx_word' id='word_1_367' title='bbox 1306 3400 1334 3457; x_wconf 84' lang='lat' dir='ltr'>A</span> <span class='ocrx_word' id='word_1_368' title='bbox 1358 3396 1486 3458; x_wconf 87' lang='lat' dir='ltr'><strong>dextris</strong></span> <span class='ocrx_word' id='word_1_369' title='bbox 1511 3395 1701 3473; x_wconf 87' lang='lat' dir='ltr'><strong>impugnat,</strong></span> <span class='ocrx_word' id='word_1_370' title='bbox 1730 3412 1806 3457; x_wconf 91' lang='lat' dir='ltr'><strong>cum</strong></span> <span class='ocrx_word' id='word_1_371' title='bbox 1830 3394 1864 3454; x_wconf 91' lang='lat' dir='ltr'><strong>in</strong></span> 
     </span>
     <span class='ocr_line' id='line_1_33' title="bbox 213 3491 1866 3576; baseline 0 -23"><span class='ocrx_word' id='word_1_372' title='bbox 213 3493 385 3554; x_wconf 67' lang='lat' dir='ltr'><strong>canetur</strong></span> <span class='ocrx_word' id='word_1_373' title='bbox 404 3491 536 3572; x_wconf 77' lang='lat' dir='ltr'><strong>(Erech.</strong></span> <span class='ocrx_word' id='word_1_374' title='bbox 556 3509 654 3568; x_wconf 77' lang='lat' dir='ltr'><strong>xum,</strong></span> <span class='ocrx_word' id='word_1_375' title='bbox 678 3493 723 3576; x_wconf 81' lang='grc'><strong>4),</strong></span> <span class='ocrx_word' id='word_1_376' title='bbox 747 3497 796 3558; x_wconf 91' lang='lat' dir='ltr'><strong>sic</strong></span> <span class='ocrx_word' id='word_1_377' title='bbox 815 3499 847 3559; x_wconf 89' lang='grc' dir='ltr'><strong>θῖ</strong></span> <span class='ocrx_word' id='word_1_378' title='bbox 867 3500 1013 3576; x_wconf 89' lang='lat' dir='ltr'><strong>resurgit</strong></span> <span class='ocrx_word' id='word_1_379' title='bbox 1066 3494 1235 3573; x_wconf 89' lang='lat' dir='ltr'><strong>prosperis</strong></span> <span class='ocrx_word' id='word_1_380' title='bbox 1260 3494 1421 3557; x_wconf 83' lang='lat' dir='ltr'><strong>extollere</strong></span> <span class='ocrx_word' id='word_1_381' title='bbox 1447 3510 1508 3556; x_wconf 92' lang='lat' dir='ltr'><strong>nos</strong></span> <span class='ocrx_word' id='word_1_382' title='bbox 1533 3494 1682 3571; x_wconf 87' lang='lat' dir='ltr'><strong>instigat.</strong></span> <span class='ocrx_word' id='word_1_383' title='bbox 1721 3493 1786 3555; x_wconf 89' lang='lat' dir='ltr'><strong>Sed</strong></span> <span class='ocrx_word' id='word_1_384' title='bbox 1818 3492 1866 3553; x_wconf 88' lang='lat' dir='ltr'><strong>sic</strong></span> 
     </span>
     <span class='ocr_line' id='line_1_34' title="bbox 214 3587 1866 3672; baseline 0.002 -25"><span class='ocrx_word' id='word_1_385' title='bbox 214 3587 433 3665; x_wconf 89' lang='lat' dir='ltr'><strong>spiritualiter</strong></span> <span class='ocrx_word' id='word_1_386' title='bbox 446 3606 521 3652; x_wconf 87' lang='lat' dir='ltr'><strong>cum</strong></span> <span class='ocrx_word' id='word_1_387' title='bbox 536 3591 577 3653; x_wconf 90' lang='lat' dir='ltr'><strong>de</strong></span> <span class='ocrx_word' id='word_1_388' title='bbox 594 3593 729 3669; x_wconf 87' lang='lat' dir='ltr'><strong>peccato</strong></span> <span class='ocrx_word' id='word_1_389' title='bbox 744 3609 923 3657; x_wconf 88' lang='lat' dir='ltr'><strong>conversus</strong></span> <span class='ocrx_word' id='word_1_390' title='bbox 936 3611 1011 3672; x_wconf 87' lang='lat' dir='ltr'><strong>poe·</strong></span> <span class='ocrx_word' id='word_1_391' title='bbox 1067 3592 1298 3671; x_wconf 90' lang='lat' dir='ltr'><strong>opponendum</strong></span> <span class='ocrx_word' id='word_1_392' title='bbox 1307 3593 1357 3653; x_wconf 89' lang='lat' dir='ltr'><strong>est</strong></span> <span class='ocrx_word' id='word_1_393' title='bbox 1367 3613 1375 3652; x_wconf 76' lang='grc' dir='ltr'><strong>ι</strong></span> <span class='ocrx_word' id='word_1_394' title='bbox 1385 3592 1516 3653; x_wconf 82' lang='lat' dir='ltr'><strong>‹Elatio</strong></span> <span class='ocrx_word' id='word_1_395' title='bbox 1531 3592 1682 3653; x_wconf 87' lang='lat' dir='ltr'><strong>excelsos</strong></span> <span class='ocrx_word' id='word_1_396' title='bbox 1697 3590 1823 3667; x_wconf 67' lang='lat' dir='ltr'><strong>dejicit,</strong></span> <span class='ocrx_word' id='word_1_397' title='bbox 1834 3591 1866 3651; x_wconf 88' lang='lat' dir='ltr'><strong>et</strong></span> 
     </span>
     <span class='ocr_line' id='line_1_35' title="bbox 213 3685 1863 3766; baseline 0.001 -21"><span class='ocrx_word' id='word_1_398' title='bbox 213 3685 312 3757; x_wconf 89' lang='lat' dir='ltr'><strong>uitet,</strong></span> <span class='ocrx_word' id='word_1_399' title='bbox 342 3687 429 3749; x_wconf 89' lang='lat' dir='ltr'><strong>sicut</strong></span> <span class='ocrx_word' id='word_1_400' title='bbox 460 3689 620 3765; x_wconf 88' lang='lat' dir='ltr'><strong>scriptum</strong></span> <span class='ocrx_word' id='word_1_401' title='bbox 650 3690 702 3752; x_wconf 87' lang='lat' dir='ltr'><strong>est</strong></span> <span class='ocrx_word' id='word_1_402' title='bbox 729 3691 763 3752; x_wconf 89' lang='lat' dir='ltr'><strong>in</strong></span> <span class='ocrx_word' id='word_1_403' title='bbox 796 3692 969 3755; x_wconf 81' lang='lat' dir='ltr'><strong>Ezechiele</strong></span> <span class='ocrx_word' id='word_1_404' title='bbox 1002 3709 1010 3749; x_wconf 75' lang='grc' dir='ltr'>ε</span> <span class='ocrx_word' id='word_1_405' title='bbox 1066 3689 1258 3765; x_wconf 86' lang='lat' dir='ltr'><strong>arrogantia</strong></span> <span class='ocrx_word' id='word_1_406' title='bbox 1273 3688 1430 3750; x_wconf 89' lang='lat' dir='ltr'><strong>sublimes</strong></span> <span class='ocrx_word' id='word_1_407' title='bbox 1442 3685 1696 3766; x_wconf 69' lang='lat' dir='ltr'><strong>bumiliatrsss.</strong></span> <span class='ocrx_word' id='word_1_408' title='bbox 1713 3703 1790 3759; x_wconf 85' lang='lat' dir='ltr'><strong>xm,</strong></span> <span class='ocrx_word' id='word_1_409' title='bbox 1801 3685 1863 3765; x_wconf 87' lang='lat'><strong>11).</strong></span> 
     </span>
     <span class='ocr_line' id='line_1_36' title="bbox 215 3783 1867 3864; baseline -0.002 -16"><span class='ocrx_word' id='word_1_410' title='bbox 215 3783 432 3855; x_wconf 71' lang='lat' dir='ltr'><strong>Quacumque</strong></span> <span class='ocrx_word' id='word_1_411' title='bbox 450 3787 537 3845; x_wconf 81' lang='lat' dir='ltr'><strong>bora</strong></span> <span class='ocrx_word' id='word_1_412' title='bbox 553 3788 715 3860; x_wconf 83' lang='lat' dir='ltr'><strong>peccator</strong></span> <span class='ocrx_word' id='word_1_413' title='bbox 730 3802 918 3852; x_wconf 62' lang='lat' dir='ltr'><strong>conversas</strong></span> <span class='ocrx_word' id='word_1_414' title='bbox 935 3792 1014 3864; x_wconf 67' lang='lat' dir='ltr'><strong>{tce-</strong></span> <span class='ocrx_word' id='word_1_415' title='bbox 1065 3791 1094 3849; x_wconf 82' lang='lat' dir='ltr'><strong>A</strong></span> <span class='ocrx_word' id='word_1_416' title='bbox 1130 3785 1274 3848; x_wconf 89' lang='lat' dir='ltr'><strong>sinistris</strong></span> <span class='ocrx_word' id='word_1_417' title='bbox 1309 3785 1493 3862; x_wconf 87' lang='lat' dir='ltr'><strong>impugnat,</strong></span> <span class='ocrx_word' id='word_1_418' title='bbox 1527 3801 1602 3846; x_wconf 90' lang='lat' dir='ltr'><strong>cum</strong></span> <span class='ocrx_word' id='word_1_419' title='bbox 1640 3783 1676 3845; x_wconf 92' lang='lat' dir='ltr'><strong>in</strong></span> <span class='ocrx_word' id='word_1_420' title='bbox 1717 3783 1867 3845; x_wconf 86' lang='lat' dir='ltr'><strong>adversis</strong></span> 
     </span>
     <span class='ocr_line' id='line_1_37' title="bbox 213 3878 1867 3961; baseline 0.004 -23"><span class='ocrx_word' id='word_1_421' title='bbox 213 3879 274 3950; x_wconf 77' lang='lat' dir='ltr'><strong>rii,</strong></span> <span class='ocrx_word' id='word_1_422' title='bbox 290 3878 325 3939; x_wconf 83' lang='lat' dir='ltr'><strong>ct</strong></span> <span class='ocrx_word' id='word_1_423' title='bbox 347 3881 568 3955; x_wconf 64' lang='lat' dir='ltr'><strong>inpunitam,</strong></span> <span class='ocrx_word' id='word_1_424' title='bbox 584 3882 658 3943; x_wconf 78' lang='lat' dir='ltr'><strong>viic</strong></span> <span class='ocrx_word' id='word_1_425' title='bbox 676 3885 770 3945; x_wconf 77' lang='lat' dir='ltr'><strong>vivet</strong></span> <span class='ocrx_word' id='word_1_426' title='bbox 794 3885 829 3946; x_wconf 83' lang='lat' dir='ltr'><strong>ct</strong></span> <span class='ocrx_word' id='word_1_427' title='bbox 848 3900 918 3947; x_wconf 75' lang='lat' dir='ltr'><strong>nort</strong></span> <span class='ocrx_word' id='word_1_428' title='bbox 937 3902 1014 3949; x_wconf 86' lang='lat' dir='ltr'><strong>mo-</strong></span> <span class='ocrx_word' id='word_1_429' title='bbox 1067 3883 1243 3961; x_wconf 88' lang='lat' dir='ltr'><strong>desperare</strong></span> <span class='ocrx_word' id='word_1_430' title='bbox 1264 3883 1423 3959; x_wconf 90' lang='lat' dir='ltr'><strong>suggerit.</strong></span> <span class='ocrx_word' id='word_1_431' title='bbox 1440 3882 1480 3944; x_wconf 82' lang='lat' dir='ltr'><strong>ut</strong></span> <span class='ocrx_word' id='word_1_432' title='bbox 1501 3882 1551 3944; x_wconf 87' lang='lat' dir='ltr'><strong>sic</strong></span> <span class='ocrx_word' id='word_1_433' title='bbox 1570 3881 1804 3959; x_wconf 90' lang='lat' dir='ltr'><strong>opponendum</strong></span> <span class='ocrx_word' id='word_1_434' title='bbox 1816 3882 1867 3944; x_wconf 71' lang='lat' dir='ltr'><strong>et</strong></span> 
     </span>
     <span class='ocr_line' id='line_1_38' title="bbox 212 3974 1867 4058; baseline 0.002 -21"><span class='ocrx_word' id='word_1_435' title='bbox 212 3977 330 4037; x_wconf 66' lang='lat' dir='ltr'><strong>rietur</strong></span> <span class='ocrx_word' id='word_1_436' title='bbox 343 3974 461 4055; x_wconf 86' lang='lat' dir='ltr'><strong>(xxxv,</strong></span> <span class='ocrx_word' id='word_1_437' title='bbox 478 3978 540 4058; x_wconf 81' lang='lat'><strong>12).</strong></span> <span class='ocrx_word' id='word_1_438' title='bbox 558 3981 734 4041; x_wconf 87' lang='lat' dir='ltr'><strong>Peccatum</strong></span> <span class='ocrx_word' id='word_1_439' title='bbox 750 3981 838 4042; x_wconf 91' lang='lat' dir='ltr'><strong>enim</strong></span> <span class='ocrx_word' id='word_1_440' title='bbox 853 3982 943 4044; x_wconf 88' lang='lat' dir='ltr'><strong>aliud</strong></span> <span class='ocrx_word' id='word_1_441' title='bbox 963 3988 1013 4047; x_wconf 88' lang='lat' dir='ltr'><strong>est</strong></span> <span class='ocrx_word' id='word_1_442' title='bbox 1066 3981 1112 4053; x_wconf 88' lang='lat' dir='ltr'><strong>id,</strong></span> <span class='ocrx_word' id='word_1_443' title='bbox 1125 3996 1144 4040; x_wconf 70' lang='lat' dir='ltr'><strong>s</strong></span> <span class='ocrx_word' id='word_1_444' title='bbox 1157 3979 1242 4058; x_wconf 92' lang='lat' dir='ltr'><strong>quod</strong></span> <span class='ocrx_word' id='word_1_445' title='bbox 1257 3979 1291 4040; x_wconf 91' lang='lat' dir='ltr'><strong>in</strong></span> <span class='ocrx_word' id='word_1_446' title='bbox 1306 3980 1462 4057; x_wconf 75' lang='lat' dir='ltr'><strong>prasenti</strong></span> <span class='ocrx_word' id='word_1_447' title='bbox 1483 3982 1534 4040; x_wconf 88' lang='lat' dir='ltr'><strong>est</strong></span> <span class='ocrx_word' id='word_1_448' title='bbox 1546 3980 1814 4040; x_wconf 86' lang='lat' dir='ltr'><strong>momentaneum</strong></span> <span class='ocrx_word' id='word_1_449' title='bbox 1833 3979 1867 4040; x_wconf 86' lang='lat' dir='ltr'><strong>et</strong></span> 
     </span>
     <span class='ocr_line' id='line_1_39' title="bbox 214 4073 1864 4155; baseline 0.002 -22"><span class='ocrx_word' id='word_1_450' title='bbox 214 4073 389 4150; x_wconf 87' lang='lat' dir='ltr'><strong>originale,</strong></span> <span class='ocrx_word' id='word_1_451' title='bbox 412 4074 504 4136; x_wconf 87' lang='lat' dir='ltr'><strong>aliud</strong></span> <span class='ocrx_word' id='word_1_452' title='bbox 530 4077 672 4146; x_wconf 88' lang='lat' dir='ltr'><strong>veniale,</strong></span> <span class='ocrx_word' id='word_1_453' title='bbox 695 4078 787 4139; x_wconf 90' lang='lat' dir='ltr'><strong>aliud</strong></span> <span class='ocrx_word' id='word_1_454' title='bbox 815 4080 957 4155; x_wconf 88' lang='lat' dir='ltr'><strong>actuale,</strong></span> <span class='ocrx_word' id='word_1_455' title='bbox 980 4084 1013 4145; x_wconf 91' lang='grc' dir='ltr'><strong>θῖ</strong></span> <span class='ocrx_word' id='word_1_456' title='bbox 1066 4078 1139 4140; x_wconf 89' lang='lat' dir='ltr'><strong>leve</strong></span> <span class='ocrx_word' id='word_1_457' title='bbox 1170 4076 1395 4139; x_wconf 86' lang='lat' dir='ltr'><strong>tribulationis</strong></span> <span class='ocrx_word' id='word_1_458' title='bbox 1427 4078 1561 4149; x_wconf 88' lang='lat' dir='ltr'><strong>nostrae,</strong></span> <span class='ocrx_word' id='word_1_459' title='bbox 1593 4076 1630 4137; x_wconf 94' lang='lat' dir='ltr'><strong>in</strong></span> <span class='ocrx_word' id='word_1_460' title='bbox 1662 4075 1864 4137; x_wconf 90' lang='lat' dir='ltr'><strong>sublimitate</strong></span> 
     </span>
     <span class='ocr_line' id='line_1_40' title="bbox 212 4171 1866 4255; baseline 0.001 -24"><span class='ocrx_word' id='word_1_461' title='bbox 212 4171 365 4232; x_wconf 88' lang='lat' dir='ltr'><strong>mortale.</strong></span> <span class='ocrx_word' id='word_1_462' title='bbox 385 4172 562 4234; x_wconf 88' lang='lat' dir='ltr'><strong>Peccatum</strong></span> <span class='ocrx_word' id='word_1_463' title='bbox 579 4174 744 4251; x_wconf 89' lang='lat' dir='ltr'><strong>originale</strong></span> <span class='ocrx_word' id='word_1_464' title='bbox 764 4178 915 4255; x_wconf 89' lang='lat' dir='ltr'><strong>estquod</strong></span> <span class='ocrx_word' id='word_1_465' title='bbox 931 4195 1014 4243; x_wconf 93' lang='lat' dir='ltr'><strong>con·</strong></span> <span class='ocrx_word' id='word_1_466' title='bbox 1066 4177 1226 4238; x_wconf 76' lang='lat' dir='ltr'><strong>aternum</strong></span> <span class='ocrx_word' id='word_1_467' title='bbox 1240 4173 1496 4253; x_wconf 87' lang='lat' dir='ltr'><strong>gloriaapendus</strong></span> <span class='ocrx_word' id='word_1_468' title='bbox 1515 4172 1866 4252; x_wconf 83' lang='lat' dir='ltr'><strong>operaturiunobis.»</strong></span> 
     </span>
     <span class='ocr_line' id='line_1_41' title="bbox 211 4268 1867 4352; baseline 0.001 -22"><span class='ocrx_word' id='word_1_469' title='bbox 211 4268 357 4331; x_wconf 89' lang='lat' dir='ltr'><strong>trahitur</strong></span> <span class='ocrx_word' id='word_1_470' title='bbox 378 4269 419 4331; x_wconf 88' lang='lat' dir='ltr'><strong>ab</strong></span> <span class='ocrx_word' id='word_1_471' title='bbox 444 4271 572 4348; x_wconf 89' lang='lat' dir='ltr'><strong>origine</strong></span> <span class='ocrx_word' id='word_1_472' title='bbox 595 4275 720 4347; x_wconf 84' lang='lat' dir='ltr'><strong>nostra,</strong></span> <span class='ocrx_word' id='word_1_473' title='bbox 744 4275 876 4352; x_wconf 87' lang='lat' dir='ltr'><strong>quaudo</strong></span> <span class='ocrx_word' id='word_1_474' title='bbox 899 4277 1012 4339; x_wconf 89' lang='lat' dir='ltr'><strong>anima</strong></span> <span class='ocrx_word' id='word_1_475' title='bbox 1066 4276 1113 4335; x_wconf 88' lang='lat' dir='ltr'><strong>De</strong></span> <span class='ocrx_word' id='word_1_476' title='bbox 1129 4289 1261 4334; x_wconf 88' lang='lat' dir='ltr'><strong>sursum</strong></span> <span class='ocrx_word' id='word_1_477' title='bbox 1276 4288 1337 4335; x_wconf 91' lang='lat' dir='ltr'><strong>nos</strong></span> <span class='ocrx_word' id='word_1_478' title='bbox 1358 4272 1542 4349; x_wconf 89' lang='lat' dir='ltr'><strong>impugnat,</strong></span> <span class='ocrx_word' id='word_1_479' title='bbox 1557 4288 1633 4333; x_wconf 87' lang='lat' dir='ltr'><strong>cnm</strong></span> <span class='ocrx_word' id='word_1_480' title='bbox 1647 4287 1750 4349; x_wconf 90' lang='lat' dir='ltr'><strong>super</strong></span> <span class='ocrx_word' id='word_1_481' title='bbox 1766 4270 1867 4348; x_wconf 89' lang='lat' dir='ltr'><strong>justi-</strong></span> 
     </span>
     <span class='ocr_line' id='line_1_42' title="bbox 211 4365 1866 4450; baseline 0.001 -23"><span class='ocrx_word' id='word_1_482' title='bbox 211 4365 399 4429; x_wconf 84' lang='lat' dir='ltr'><strong>inlunditur</strong></span> <span class='ocrx_word' id='word_1_483' title='bbox 425 4370 531 4430; x_wconf 89' lang='lat' dir='ltr'><strong>carni.</strong></span> <span class='ocrx_word' id='word_1_484' title='bbox 568 4373 618 4432; x_wconf 87' lang='lat' dir='ltr'><strong>Ex</strong></span> <span class='ocrx_word' id='word_1_485' title='bbox 652 4373 866 4450; x_wconf 87' lang='lat' dir='ltr'><strong>corruptione</strong></span> <span class='ocrx_word' id='word_1_486' title='bbox 900 4375 1011 4436; x_wconf 88' lang='lat' dir='ltr'><strong>carnis</strong></span> <span class='ocrx_word' id='word_1_487' title='bbox 1065 4369 1145 4432; x_wconf 91' lang='lat' dir='ltr'><strong>tiam</strong></span> <span class='ocrx_word' id='word_1_488' title='bbox 1160 4386 1290 4448; x_wconf 73' lang='lat' dir='ltr'><strong>quase</strong></span> <span class='ocrx_word' id='word_1_489' title='bbox 1309 4386 1442 4431; x_wconf 89' lang='lat' dir='ltr'><strong>sursum</strong></span> <span class='ocrx_word' id='word_1_490' title='bbox 1463 4370 1641 4447; x_wconf 89' lang='lat' dir='ltr'><strong>sequentes</strong></span> <span class='ocrx_word' id='word_1_491' title='bbox 1661 4370 1779 4442; x_wconf 88' lang='lat' dir='ltr'><strong>trabit,</strong></span> <span class='ocrx_word' id='word_1_492' title='bbox 1801 4384 1866 4429; x_wconf 92' lang='lat' dir='ltr'><strong>non</strong></span> 
     </span>
     <span class='ocr_line' id='line_1_43' title="bbox 212 4466 1868 4549; baseline 0.001 -25"><span class='ocrx_word' id='word_1_493' title='bbox 212 4468 470 4543; x_wconf 88' lang='lat' dir='ltr'><strong>corrumpuntur</strong></span> <span class='ocrx_word' id='word_1_494' title='bbox 494 4466 561 4529; x_wconf 82' lang='lat' dir='ltr'><strong>illae</strong></span> <span class='ocrx_word' id='word_1_495' title='bbox 587 4469 758 4531; x_wconf 87' lang='lat' dir='ltr'><strong>naturales</strong></span> <span class='ocrx_word' id='word_1_496' title='bbox 784 4470 953 4549; x_wconf 71' lang='lat' dir='ltr'><strong>potentia,</strong></span> <span class='ocrx_word' id='word_1_497' title='bbox 978 4474 1012 4534; x_wconf 91' lang='lat' dir='ltr'><strong>et</strong></span> <span class='ocrx_word' id='word_1_498' title='bbox 1065 4467 1207 4543; x_wconf 87' lang='lat' dir='ltr'><strong>vigilare</strong></span> <span class='ocrx_word' id='word_1_499' title='bbox 1227 4484 1289 4529; x_wconf 90' lang='lat' dir='ltr'><strong>nos</strong></span> <span class='ocrx_word' id='word_1_500' title='bbox 1310 4467 1476 4529; x_wconf 90' lang='lat' dir='ltr'><strong>admonet.</strong></span> <span class='ocrx_word' id='word_1_501' title='bbox 1505 4466 1570 4528; x_wconf 90' lang='lat' dir='ltr'><strong>Sed</strong></span> <span class='ocrx_word' id='word_1_502' title='bbox 1591 4468 1638 4529; x_wconf 86' lang='lat' dir='ltr'><strong>ita</strong></span> <span class='ocrx_word' id='word_1_503' title='bbox 1659 4466 1868 4544; x_wconf 87' lang='lat' dir='ltr'><strong>responden·</strong></span> 
     </span>
     <span class='ocr_line' id='line_1_44' title="bbox 211 4559 1867 4644; baseline 0.001 -23"><span class='ocrx_word' id='word_1_504' title='bbox 211 4559 289 4623; x_wconf 90' lang='lat' dir='ltr'><strong>inde</strong></span> <span class='ocrx_word' id='word_1_505' title='bbox 314 4563 482 4625; x_wconf 89' lang='lat' dir='ltr'><strong>contrabit</strong></span> <span class='ocrx_word' id='word_1_506' title='bbox 507 4566 618 4626; x_wconf 89' lang='lat' dir='ltr'><strong>anima</strong></span> <span class='ocrx_word' id='word_1_507' title='bbox 641 4568 817 4644; x_wconf 88' lang='lat' dir='ltr'><strong>quamdam</strong></span> <span class='ocrx_word' id='word_1_508' title='bbox 846 4569 1010 4632; x_wconf 89' lang='lat' dir='ltr'><strong>maculam</strong></span> <span class='ocrx_word' id='word_1_509' title='bbox 1065 4564 1143 4627; x_wconf 89' lang='lat' dir='ltr'><strong>dum</strong></span> <span class='ocrx_word' id='word_1_510' title='bbox 1164 4567 1213 4626; x_wconf 88' lang='lat' dir='ltr'><strong>est</strong></span> <span class='ocrx_word' id='word_1_511' title='bbox 1228 4586 1235 4625; x_wconf 75' lang='grc' dir='ltr'><strong>ι</strong></span> <span class='ocrx_word' id='word_1_512' title='bbox 1251 4567 1365 4642; x_wconf 88' lang='lat' dir='ltr'><strong>Usque</strong></span> <span class='ocrx_word' id='word_1_513' title='bbox 1387 4565 1428 4627; x_wconf 91' lang='lat' dir='ltr'><strong>ad</strong></span> <span class='ocrx_word' id='word_1_514' title='bbox 1449 4565 1591 4627; x_wconf 89' lang='lat' dir='ltr'><strong>mortem</strong></span> <span class='ocrx_word' id='word_1_515' title='bbox 1613 4566 1706 4625; x_wconf 84' lang='lat' dir='ltr'><strong>certa</strong></span> <span class='ocrx_word' id='word_1_516' title='bbox 1722 4580 1783 4642; x_wconf 88' lang='lat' dir='ltr'><strong>pro</strong></span> <span class='ocrx_word' id='word_1_517' title='bbox 1794 4566 1867 4641; x_wconf 78' lang='lat' dir='ltr'><strong>Jus-</strong></span> 
     </span>
     <span class='ocr_line' id='line_1_45' title="bbox 211 4657 1867 4740; baseline 0.004 -24"><span class='ocrx_word' id='word_1_518' title='bbox 211 4658 245 4717; x_wconf 84' lang='lat' dir='ltr'><strong>et</strong></span> <span class='ocrx_word' id='word_1_519' title='bbox 263 4657 443 4720; x_wconf 81' lang='lat' dir='ltr'><strong>foeditatem</strong></span> <span class='ocrx_word' id='word_1_520' title='bbox 458 4677 532 4737; x_wconf 87' lang='lat' dir='ltr'><strong>quae</strong></span> <span class='ocrx_word' id='word_1_521' title='bbox 547 4661 652 4724; x_wconf 81' lang='lat' dir='ltr'><strong>inficit</strong></span> <span class='ocrx_word' id='word_1_522' title='bbox 667 4679 751 4735; x_wconf 90' lang='lat' dir='ltr'><strong>eam,</strong></span> <span class='ocrx_word' id='word_1_523' title='bbox 773 4663 879 4726; x_wconf 89' lang='lat' dir='ltr'><strong>donec</strong></span> <span class='ocrx_word' id='word_1_524' title='bbox 893 4663 1012 4726; x_wconf 87' lang='lat' dir='ltr'><strong>ablua-</strong></span> <span class='ocrx_word' id='word_1_525' title='bbox 1064 4662 1149 4735; x_wconf 91' lang='lat' dir='ltr'><strong>titia,</strong></span> <span class='ocrx_word' id='word_1_526' title='bbox 1164 4663 1198 4725; x_wconf 89' lang='lat' dir='ltr'><strong>et</strong></span> <span class='ocrx_word' id='word_1_527' title='bbox 1212 4663 1371 4725; x_wconf 87' lang='lat' dir='ltr'><strong>Dominus</strong></span> <span class='ocrx_word' id='word_1_528' title='bbox 1391 4678 1450 4740; x_wconf 91' lang='lat' dir='ltr'><strong>pro</strong></span> <span class='ocrx_word' id='word_1_529' title='bbox 1472 4664 1505 4725; x_wconf 89' lang='lat' dir='ltr'><strong>te</strong></span> <span class='ocrx_word' id='word_1_530' title='bbox 1526 4662 1735 4740; x_wconf 82' lang='lat' dir='ltr'><strong>expugnabit</strong></span> <span class='ocrx_word' id='word_1_531' title='bbox 1755 4661 1867 4723; x_wconf 92' lang='lat' dir='ltr'><strong>inimi·</strong></span> 
     </span>
     <span class='ocr_line' id='line_1_46' title="bbox 210 4754 1865 4838; baseline 0.004 -25"><span class='ocrx_word' id='word_1_532' title='bbox 210 4754 266 4813; x_wconf 89' lang='lat' dir='ltr'><strong>tur</strong></span> <span class='ocrx_word' id='word_1_533' title='bbox 277 4756 309 4817; x_wconf 90' lang='lat' dir='ltr'><strong>et</strong></span> <span class='ocrx_word' id='word_1_534' title='bbox 321 4755 498 4817; x_wconf 91' lang='lat' dir='ltr'><strong>mundetur</strong></span> <span class='ocrx_word' id='word_1_535' title='bbox 509 4755 550 4818; x_wconf 88' lang='lat' dir='ltr'><strong>ab</strong></span> <span class='ocrx_word' id='word_1_536' title='bbox 565 4759 623 4820; x_wconf 90' lang='lat' dir='ltr'><strong>illa</strong></span> <span class='ocrx_word' id='word_1_537' title='bbox 636 4776 696 4836; x_wconf 90' lang='lat' dir='ltr'><strong>per</strong></span> <span class='ocrx_word' id='word_1_538' title='bbox 709 4777 828 4838; x_wconf 85' lang='lat' dir='ltr'><strong>aquam</strong></span> <span class='ocrx_word' id='word_1_539' title='bbox 841 4761 1006 4838; x_wconf 89' lang='lat' dir='ltr'><strong>baptismi.</strong></span> <span class='ocrx_word' id='word_1_540' title='bbox 1064 4776 1131 4822; x_wconf 88' lang='lat' dir='ltr'><strong>cos.</strong></span> <span class='ocrx_word' id='word_1_541' title='bbox 1159 4763 1206 4822; x_wconf 89' lang='lat' dir='ltr'><strong>De</strong></span> <span class='ocrx_word' id='word_1_542' title='bbox 1235 4760 1389 4822; x_wconf 90' lang='lat' dir='ltr'><strong>deorsum</strong></span> <span class='ocrx_word' id='word_1_543' title='bbox 1419 4777 1481 4822; x_wconf 90' lang='lat' dir='ltr'><strong>nos</strong></span> <span class='ocrx_word' id='word_1_544' title='bbox 1512 4760 1700 4838; x_wconf 90' lang='lat' dir='ltr'><strong>impugnat,</strong></span> <span class='ocrx_word' id='word_1_545' title='bbox 1732 4775 1808 4821; x_wconf 90' lang='lat' dir='ltr'><strong>cum</strong></span> <span class='ocrx_word' id='word_1_546' title='bbox 1831 4760 1865 4819; x_wconf 91' lang='lat' dir='ltr'><strong>iu</strong></span> 
     </span>
     <span class='ocr_line' id='line_1_47' title="bbox 210 4851 1866 4936; baseline 0.005 -26"><span class='ocrx_word' id='word_1_547' title='bbox 210 4851 258 4911; x_wconf 89' lang='lat' dir='ltr'><strong>De</strong></span> <span class='ocrx_word' id='word_1_548' title='bbox 288 4851 351 4913; x_wconf 89' lang='lat' dir='ltr'><strong>hoc</strong></span> <span class='ocrx_word' id='word_1_549' title='bbox 376 4852 424 4913; x_wconf 91' lang='lat' dir='ltr'><strong>ait</strong></span> <span class='ocrx_word' id='word_1_550' title='bbox 452 4855 629 4917; x_wconf 86' lang='lat' dir='ltr'><strong>Psalmists</strong></span> <span class='ocrx_word' id='word_1_551' title='bbox 661 4878 669 4917; x_wconf 76' lang='lat' dir='ltr'><em>z</em></span> <span class='ocrx_word' id='word_1_552' title='bbox 698 4863 742 4920; x_wconf 79' lang='lat' dir='ltr'><strong>ln</strong></span> <span class='ocrx_word' id='word_1_553' title='bbox 772 4861 1010 4934; x_wconf 66' lang='lat' dir='ltr'><strong>tumidarum</strong></span> <span class='ocrx_word' id='word_1_554' title='bbox 1063 4858 1178 4934; x_wconf 87' lang='lat' dir='ltr'><strong>aperta</strong></span> <span class='ocrx_word' id='word_1_555' title='bbox 1193 4857 1274 4920; x_wconf 90' lang='lat' dir='ltr'><strong>vitia</strong></span> <span class='ocrx_word' id='word_1_556' title='bbox 1296 4874 1370 4936; x_wconf 86' lang='lat' dir='ltr'><strong>quae</strong></span> <span class='ocrx_word' id='word_1_557' title='bbox 1391 4857 1547 4919; x_wconf 89' lang='lat' dir='ltr'><strong>deorsum</strong></span> <span class='ocrx_word' id='word_1_558' title='bbox 1572 4857 1776 4935; x_wconf 88' lang='lat' dir='ltr'><strong>pertrahunt</strong></span> <span class='ocrx_word' id='word_1_559' title='bbox 1796 4872 1866 4934; x_wconf 88' lang='lat' dir='ltr'><strong>pro·</strong></span> 
     </span>
     <span class='ocr_line' id='line_1_48' title="bbox 209 4948 1865 5035; baseline 0.004 -27"><span class='ocrx_word' id='word_1_560' title='bbox 209 4948 391 5023; x_wconf 79' lang='lat' dir='ltr'><strong>conceptus</strong></span> <span class='ocrx_word' id='word_1_561' title='bbox 408 4966 497 5023; x_wconf 70' lang='lat' dir='ltr'><strong>acm,</strong></span> <span class='ocrx_word' id='word_1_562' title='bbox 513 4953 548 5013; x_wconf 84' lang='lat' dir='ltr'><strong>ct</strong></span> <span class='ocrx_word' id='word_1_563' title='bbox 561 4957 599 5015; x_wconf 80' lang='lat' dir='ltr'><strong>in</strong></span> <span class='ocrx_word' id='word_1_564' title='bbox 614 4957 765 5030; x_wconf 81' lang='lat' dir='ltr'><strong>peccatis</strong></span> <span class='ocrx_word' id='word_1_565' title='bbox 779 4960 930 5032; x_wconf 81' lang='lat' dir='ltr'><strong>coacepit</strong></span> <span class='ocrx_word' id='word_1_566' title='bbox 953 4974 1009 5020; x_wconf 83' lang='lat' dir='ltr'><strong>mc</strong></span> <span class='ocrx_word' id='word_1_567' title='bbox 1063 4971 1162 5017; x_wconf 87' lang='lat' dir='ltr'><strong>ruere</strong></span> <span class='ocrx_word' id='word_1_568' title='bbox 1183 4971 1244 5018; x_wconf 91' lang='lat' dir='ltr'><strong>nos</strong></span> <span class='ocrx_word' id='word_1_569' title='bbox 1269 4956 1419 5032; x_wconf 89' lang='lat' dir='ltr'><strong>instigat.</strong></span> <span class='ocrx_word' id='word_1_570' title='bbox 1445 4956 1509 5017; x_wconf 85' lang='lat' dir='ltr'><strong>Sed</strong></span> <span class='ocrx_word' id='word_1_571' title='bbox 1530 4957 1578 5017; x_wconf 88' lang='lat' dir='ltr'><strong>ita</strong></span> <span class='ocrx_word' id='word_1_572' title='bbox 1598 4955 1865 5035; x_wconf 87' lang='lat' dir='ltr'><strong>respondendum</strong></span> 
     </span>
     <span class='ocr_line' id='line_1_49' title="bbox 211 5046 1866 5131; baseline 0.007 -27"><span class='ocrx_word' id='word_1_573' title='bbox 211 5046 328 5109; x_wconf 84' lang='lat' dir='ltr'><strong>mater</strong></span> <span class='ocrx_word' id='word_1_574' title='bbox 345 5060 423 5109; x_wconf 84' lang='lat' dir='ltr'><strong>mea</strong></span> <span class='ocrx_word' id='word_1_575' title='bbox 443 5046 511 5127; x_wconf 88' lang='lat' dir='ltr'><strong>(Ps.</strong></span> <span class='ocrx_word' id='word_1_576' title='bbox 532 5050 582 5123; x_wconf 81' lang='lat'><strong>50,</strong></span> <span class='ocrx_word' id='word_1_577' title='bbox 598 5049 650 5131; x_wconf 85' lang='lat'><strong>6);</strong></span> <span class='ocrx_word' id='word_1_578' title='bbox 667 5053 1009 5130; x_wconf 60' lang='lat' dir='ltr'><strong>acommodatum</strong></span> <span class='ocrx_word' id='word_1_579' title='bbox 1063 5054 1136 5114; x_wconf 92' lang='lat' dir='ltr'><strong>est:</strong></span> <span class='ocrx_word' id='word_1_580' title='bbox 1159 5052 1260 5114; x_wconf 86' lang='lat' dir='ltr'><strong>Nulla</strong></span> <span class='ocrx_word' id='word_1_581' title='bbox 1279 5069 1358 5115; x_wconf 87' lang='lat' dir='ltr'><strong>caro</strong></span> <span class='ocrx_word' id='word_1_582' title='bbox 1378 5053 1507 5116; x_wconf 87' lang='lat' dir='ltr'><strong>exultat</strong></span> <span class='ocrx_word' id='word_1_583' title='bbox 1527 5053 1563 5114; x_wconf 92' lang='lat' dir='ltr'><strong>in</strong></span> <span class='ocrx_word' id='word_1_584' title='bbox 1585 5056 1665 5126; x_wconf 87' lang='lat' dir='ltr'><strong>Deo,</strong></span> <span class='ocrx_word' id='word_1_585' title='bbox 1689 5068 1764 5129; x_wconf 81' lang='lat' dir='ltr'><strong>quae</strong></span> <span class='ocrx_word' id='word_1_586' title='bbox 1785 5052 1866 5116; x_wconf 84' lang='lat' dir='ltr'><strong>vivit</strong></span> 
     </span>
     <span class='ocr_line' id='line_1_50' title="bbox 209 5146 1214 5225; baseline 0.01 -22"><span class='ocrx_word' id='word_1_587' title='bbox 209 5146 314 5205; x_wconf 79' lang='lat' dir='ltr'><strong>rcntvcr</strong></span> <span class='ocrx_word' id='word_1_588' title='bbox 337 5147 406 5206; x_wconf 83' lang='lat' dir='ltr'><strong>dict</strong></span> <span class='ocrx_word' id='word_1_589' title='bbox 431 5147 483 5207; x_wconf 84' lang='lat' dir='ltr'><strong>est</strong></span> <span class='ocrx_word' id='word_1_590' title='bbox 507 5151 583 5210; x_wconf 83' lang='lat' dir='ltr'><strong>sice</strong></span> <span class='ocrx_word' id='word_1_591' title='bbox 606 5151 755 5225; x_wconf 85' lang='lat' dir='ltr'><strong>peccato.</strong></span> <span class='ocrx_word' id='word_1_592' title='bbox 772 5152 1008 5214; x_wconf 88' lang='lat' dir='ltr'><strong>Verumtamen</strong></span> <span class='ocrx_word' id='word_1_593' title='bbox 1062 5151 1098 5211; x_wconf 94' lang='lat' dir='ltr'><strong>in</strong></span> <span class='ocrx_word' id='word_1_594' title='bbox 1112 5150 1214 5213; x_wconf 87' lang='lat' dir='ltr'><strong>vitiis.</strong></span> 
     </span>
     <span class='ocr_line' id='line_1_51' title="bbox 209 5239 1867 5325; baseline 0.005 -26"><span class='ocrx_word' id='word_1_595' title='bbox 209 5239 344 5315; x_wconf 89' lang='lat' dir='ltr'><strong>quidam</strong></span> <span class='ocrx_word' id='word_1_596' title='bbox 367 5241 501 5305; x_wconf 86' lang='lat' dir='ltr'><strong>fuerunt</strong></span> <span class='ocrx_word' id='word_1_597' title='bbox 524 5246 727 5325; x_wconf 89' lang='lat' dir='ltr'><strong>privilegiati</strong></span> <span class='ocrx_word' id='word_1_598' title='bbox 753 5250 788 5309; x_wconf 92' lang='lat' dir='ltr'><strong>in</strong></span> <span class='ocrx_word' id='word_1_599' title='bbox 813 5251 908 5312; x_wconf 88' lang='lat' dir='ltr'><strong>utero</strong></span> <span class='ocrx_word' id='word_1_600' title='bbox 936 5267 1009 5312; x_wconf 92' lang='lat' dir='ltr'><strong>ma·</strong></span> <span class='ocrx_word' id='word_1_601' title='bbox 1102 5248 1164 5319; x_wconf 88' lang='lat' dir='ltr'><strong>Qui</strong></span> <span class='ocrx_word' id='word_1_602' title='bbox 1190 5248 1253 5309; x_wconf 92' lang='lat' dir='ltr'><strong>boc</strong></span> <span class='ocrx_word' id='word_1_603' title='bbox 1279 5246 1363 5310; x_wconf 91' lang='lat' dir='ltr'><strong>bene</strong></span> <span class='ocrx_word' id='word_1_604' title='bbox 1384 5247 1464 5325; x_wconf 88' lang='lat' dir='ltr'><strong>agit,</strong></span> <span class='ocrx_word' id='word_1_605' title='bbox 1489 5248 1600 5309; x_wconf 89' lang='lat' dir='ltr'><strong>sexies</strong></span> <span class='ocrx_word' id='word_1_606' title='bbox 1626 5248 1753 5309; x_wconf 89' lang='lat' dir='ltr'><strong>terram</strong></span> <span class='ocrx_word' id='word_1_607' title='bbox 1775 5247 1867 5308; x_wconf 88' lang='lat' dir='ltr'><strong>salu-</strong></span> 
     </span>
     <span class='ocr_line' id='line_1_52' title="bbox 209 5334 1864 5422; baseline 0.006 -27"><span class='ocrx_word' id='word_1_608' title='bbox 209 5334 298 5397; x_wconf 81' lang='lat' dir='ltr'><strong>trum</strong></span> <span class='ocrx_word' id='word_1_609' title='bbox 333 5340 411 5400; x_wconf 85' lang='lat' dir='ltr'><strong>ante</strong></span> <span class='ocrx_word' id='word_1_610' title='bbox 445 5341 669 5417; x_wconf 80' lang='lat' dir='ltr'><strong>nativitatem,</strong></span> <span class='ocrx_word' id='word_1_611' title='bbox 706 5348 744 5407; x_wconf 89' lang='lat' dir='ltr'><strong>ut</strong></span> <span class='ocrx_word' id='word_1_612' title='bbox 776 5346 941 5409; x_wconf 74' lang='lat' dir='ltr'><strong>ieremias</strong></span> <span class='ocrx_word' id='word_1_613' title='bbox 975 5349 1008 5411; x_wconf 93' lang='lat' dir='ltr'><strong>et</strong></span> <span class='ocrx_word' id='word_1_614' title='bbox 1061 5343 1166 5407; x_wconf 86' lang='lat' dir='ltr'><strong>briter</strong></span> <span class='ocrx_word' id='word_1_615' title='bbox 1186 5345 1339 5422; x_wconf 91' lang='lat' dir='ltr'><strong>percutit.</strong></span> <span class='ocrx_word' id='word_1_616' title='bbox 1367 5347 1453 5407; x_wconf 89' lang='lat' dir='ltr'><strong>Nam</strong></span> <span class='ocrx_word' id='word_1_617' title='bbox 1479 5345 1566 5407; x_wconf 91' lang='lat' dir='ltr'><strong>sicut</strong></span> <span class='ocrx_word' id='word_1_618' title='bbox 1591 5345 1703 5406; x_wconf 89' lang='lat' dir='ltr'><strong>anima</strong></span> <span class='ocrx_word' id='word_1_619' title='bbox 1726 5346 1778 5407; x_wconf 89' lang='lat' dir='ltr'><strong>est</strong></span> <span class='ocrx_word' id='word_1_620' title='bbox 1799 5344 1864 5405; x_wconf 88' lang='lat' dir='ltr'><strong>vita</strong></span> 
     </span>
     <span class='ocr_line' id='line_1_53' title="bbox 208 5433 1861 5522; baseline 0.007 -31"><span class='ocrx_word' id='word_1_621' title='bbox 208 5433 354 5495; x_wconf 79' lang='lat' dir='ltr'><strong>ioannes</strong></span> <span class='ocrx_word' id='word_1_622' title='bbox 373 5436 532 5514; x_wconf 89' lang='lat' dir='ltr'><strong>Baptista.</strong></span> <span class='ocrx_word' id='word_1_623' title='bbox 1062 5443 1222 5520; x_wconf 90' lang='lat' dir='ltr'><strong>corporis,</strong></span> <span class='ocrx_word' id='word_1_624' title='bbox 1240 5443 1274 5504; x_wconf 91' lang='lat' dir='ltr'><strong>et</strong></span> <span class='ocrx_word' id='word_1_625' title='bbox 1285 5458 1325 5504; x_wconf 89' lang='lat' dir='ltr'><strong>ea</strong></span> <span class='ocrx_word' id='word_1_626' title='bbox 1339 5445 1493 5522; x_wconf 87' lang='lat' dir='ltr'><strong>separata</strong></span> <span class='ocrx_word' id='word_1_627' title='bbox 1506 5459 1627 5520; x_wconf 90' lang='lat' dir='ltr'><strong>corpus</strong></span> <span class='ocrx_word' id='word_1_628' title='bbox 1642 5442 1796 5513; x_wconf 91' lang='lat' dir='ltr'><strong>moritur,</strong></span> <span class='ocrx_word' id='word_1_629' title='bbox 1815 5442 1861 5502; x_wconf 87' lang='lat' dir='ltr'><strong>sic</strong></span> 
     </span>
     <span class='ocr_line' id='line_1_54' title="bbox 247 5529 1864 5619; baseline 0.007 -29"><span class='ocrx_word' id='word_1_630' title='bbox 247 5529 386 5592; x_wconf 83' lang='lat' dir='ltr'><strong>Veniale</strong></span> <span class='ocrx_word' id='word_1_631' title='bbox 414 5537 586 5610; x_wconf 88' lang='lat' dir='ltr'><strong>peccatum</strong></span> <span class='ocrx_word' id='word_1_632' title='bbox 613 5538 663 5601; x_wconf 90' lang='lat' dir='ltr'><strong>est</strong></span> <span class='ocrx_word' id='word_1_633' title='bbox 688 5540 796 5601; x_wconf 90' lang='lat' dir='ltr'><strong>motus</strong></span> <span class='ocrx_word' id='word_1_634' title='bbox 822 5541 864 5602; x_wconf 91' lang='lat' dir='ltr'><strong>ad</strong></span> <span class='ocrx_word' id='word_1_635' title='bbox 888 5541 1007 5605; x_wconf 90' lang='lat' dir='ltr'><strong>illicita</strong></span> <span class='ocrx_word' id='word_1_636' title='bbox 1062 5543 1149 5603; x_wconf 85' lang='lat' dir='ltr'><strong>Deus</strong></span> <span class='ocrx_word' id='word_1_637' title='bbox 1175 5541 1227 5602; x_wconf 89' lang='lat' dir='ltr'><strong>vel</strong></span> <span class='ocrx_word' id='word_1_638' title='bbox 1256 5540 1365 5617; x_wconf 86' lang='lat' dir='ltr'><strong>gratia</strong></span> <span class='ocrx_word' id='word_1_639' title='bbox 1397 5544 1469 5619; x_wconf 79' lang='lat' dir='ltr'><strong>eJus</strong></span> <span class='ocrx_word' id='word_1_640' title='bbox 1495 5542 1546 5603; x_wconf 88' lang='lat' dir='ltr'><strong>est</strong></span> <span class='ocrx_word' id='word_1_641' title='bbox 1571 5540 1639 5602; x_wconf 92' lang='lat' dir='ltr'><strong>vita</strong></span> <span class='ocrx_word' id='word_1_642' title='bbox 1666 5539 1806 5608; x_wconf 84' lang='lat' dir='ltr'><strong>animae,</strong></span> <span class='ocrx_word' id='word_1_643' title='bbox 1832 5540 1864 5601; x_wconf 91' lang='grc' dir='ltr'><strong>θῖ</strong></span> 
     </span>
    </p>
   </div>
   <div class='ocr_carea' id='block_1_3' title="bbox 212 5619 1865 5721">
    <p class='ocr_par' dir='ltr' id='par_1_3' title="bbox 212 5619 1865 5721">
     <span class='ocr_line' id='line_1_55' title="bbox 212 5619 1865 5721; baseline 0.013 -42"><span class='ocrx_word' id='word_1_644' title='bbox 212 5619 294 5681; x_wconf 86' lang='lat' dir='ltr'><strong>citra</strong></span> <span class='ocrx_word' id='word_1_645' title='bbox 311 5640 511 5691; x_wconf 88' lang='lat' dir='ltr'><strong>consensum</strong></span> <span class='ocrx_word' id='word_1_646' title='bbox 527 5634 679 5709; x_wconf 90' lang='lat' dir='ltr'><strong>rationis,</strong></span> <span class='ocrx_word' id='word_1_647' title='bbox 701 5636 773 5699; x_wconf 91' lang='lat' dir='ltr'><strong>sine</strong></span> <span class='ocrx_word' id='word_1_648' title='bbox 793 5638 912 5717; x_wconf 87' lang='lat' dir='ltr'><strong>quibus</strong></span> <span class='ocrx_word' id='word_1_649' title='bbox 934 5654 1007 5703; x_wconf 87' lang='lat' dir='ltr'><strong>esse</strong></span> <span class='ocrx_word' id='word_1_650' title='bbox 1062 5637 1218 5716; x_wconf 89' lang='lat' dir='ltr'><strong>quamdiu</strong></span> <span class='ocrx_word' id='word_1_651' title='bbox 1240 5639 1311 5717; x_wconf 90' lang='lat' dir='ltr'><strong>ipse</strong></span> <span class='ocrx_word' id='word_1_652' title='bbox 1332 5638 1438 5703; x_wconf 91' lang='lat' dir='ltr'><strong>estin</strong></span> <span class='ocrx_word' id='word_1_653' title='bbox 1460 5655 1501 5701; x_wconf 90' lang='lat' dir='ltr'><strong>ea</strong></span> <span class='ocrx_word' id='word_1_654' title='bbox 1521 5637 1759 5721; x_wconf 86' lang='lat' dir='ltr'><strong>pergratiam,</strong></span> <span class='ocrx_word' id='word_1_655' title='bbox 1783 5637 1865 5700; x_wconf 86' lang='lat' dir='ltr'><strong>vivit</strong></span> 
     </span>
    </p>
   </div>
   <div class='ocr_carea' id='block_1_4' title="bbox 0 0 1984 6181">
    <p class='ocr_par' dir='ltr' id='par_1_4' title="bbox 0 0 1984 6181">
     <span class='ocr_line' id='line_1_56' title="bbox 0 0 1984 6181; baseline 0 0"><span class='ocrx_word' id='word_1_656' title='bbox 0 0 1984 6181; x_wconf 95' lang='lat' dir='ltr'><strong> </strong></span> 
     </span>
    </p>
   </div>
  </div>
 </body>
</html>
