3980 6198
829 480 1053 589 buiris

260 736 849 910 couriniiio
921 734 1618 908 uucsnuiuiuii

740 1108 899 1197 LIBER

382 1474 595 1573 'HTULUS
617 1476 652 1568 Ι.

223 1712 280 1775 DE
301 1713 715 1776 CONSTITUTIONIBUS.
739 1706 753 1791 (
775 1710 800 1792 ).

143 1894 293 1956 Honorius
310 1898 472 1971 episcopus,
494 1894 594 1955 sersus
613 1909 760 1954 servorum
773 1894 839 1965 liei,
870 1896 910 1953 ‹it-

110 1982 178 2043 tacta
192 1985 266 2058 pilio,
285 1986 423 2057 Magistro
440 1985 806 2055 Tcacredc,Arcliidiacoao
815 1985 908 2042 Boac-

109 2075 211 2145 itt'eirsi,
234 2074 367 2143 salbon,
386 2074 618 2144 eapostolicam
633 2073 845 2130 benedictionem
855 2071 908 2147 (a).

418 2274 553 2337 CAPUT
575 2276 601 2336 1.

144 2458 257 2525 Nouae
272 2473 449 2524 causarum
464 2457 703 2537 emergentium
714 2454 913 2537 quaestiones

108 2558 206 2620 noris
232 2558 376 2633 exigunt
403 2556 625 2619 decisionibus
656 2556 841 2628 terminari,
877 2557 914 2617 ut

109 2653 258 2730 singulis
271 2654 407 2727 morbis,
422 2654 680 2730 competentibus
691 2653 846 2715 remediis
859 2653 912 2714 de·

109 2751 248 2828 putatis,
260 2753 319 2827 jiis
339 2767 436 2811 suuni
458 2750 576 2826 cuique
597 2749 776 2811 salubriter
789 2749 912 2811 tribua·

941 1104 1141 1197 PRIMUS

965 1444 1130 1523 Epistolas
1155 1444 1345 1506 Decretales
1373 1458 1473 1522 super
1498 1442 1563 1514 liis,
1589 1455 1662 1520 quaa
1676 1451 1758 1500 nos-

965 1543 1037 1615 tris,
1078 1541 1212 1604 suborta
1244 1541 1457 1620 temporibus,
1497 1555 1557 1618 per
1592 1552 1664 1609 nos,
1706 1534 1762 1596 val

965 1639 1084 1701 fratres
1108 1641 1237 1702 nostros
1268 1639 1460 1711 decidimus,
1495 1637 1548 1698 vel
1563 1636 1663 1697 etiam
1685 1626 1761 1694 aliis

966 1736 1005 1797 da
1019 1737 1166 1813 ipsorum
1178 1736 1317 1798 consilio
1328 1735 1551 1797 commisimus
1567 1728 1758 1798 decidenda,

965 1834 1138 1910 compilari
1157 1833 1312 1907 fecimus3
1329 1832 1433 1893 ettibi
1455 1830 1515 1891 sub
1532 1828 1627 1891 Bulla
1647 1824 1761 1886 nostra

965 1930 1119 1992 duximus
1134 1929 1347 1992 destinandas
1366 1928 1543 2007 :quocirca
1566 1919 1760 1987 discretioni

964 2029 1030 2089 tuae
1044 2043 1104 2104 per
1117 2027 1306 2104 apostolica
1324 2026 1447 2102 scripta
1461 2024 1667 2093 mandamus,
1684 2035 1762 2097 qua·

964 2124 1062 2185 tenus
1081 2124 1130 2184 eis
1147 2124 1339 2185 solemniter
1353 2121 1540 2199 publicatis,
1558 2120 1682 2196 absque
1694 2115 1761 2175 uilo

967 2221 1122 2297 scrupulo
1143 2218 1358 2280 dubitationis
1378 2217 1494 2289 utaris,
1516 2217 1548 2278 et
1562 2215 1603 2277 ab
1618 2214 1694 2275 aliis
1708 2226 1764 2273 re-

967 2317 1034 2393 cipi
1048 2316 1163 2389 facias,
1176 2316 1287 2377 tamin
1298 2314 1445 2391 judiciis,
1460 2329 1559 2392 quam
1575 2313 1610 2372 in
1626 2310 1759 2373 scholis.

965 2512 1142 2573 Honorius
1155 2515 1255 2585 Papa
1269 2515 1337 2583 III,
1349 2513 1494 2572 Boeotii.
1510 2513 1687 2584 Episcopo,
1697 2504 1758 2586 (a).

1262 2697 1399 2757 CAPUT
1419 2696 1460 2755 ΙΙ.

111 2848 173 2909 tur.
190 2847 290 2909 Licet
300 2847 403 2922 igitur
414 2863 435 2908 a
447 2846 641 2924 quibusdam
656 2847 912 2924 praedecessori-
1003 2846 1143 2912 Noverit
1159 2848 1363 2911 Fraternitas
1379 2850 1448 2921 tua,
1462 2847 1548 2926 quod
1566 2847 1635 2908 Nos
1647 2842 1761 2905 inBa-

113 2945 235 3006 nostris
260 2960 322 3022 per
347 2961 387 3006 ea
413 2959 486 3025 quae
516 2945 586 3005 suis
611 2944 814 3021 temporibus
834 2947 911 3006 sunt
965 2945 1059 3007 silica
1077 2947 1237 3024 principis
1253 2947 1495 3024 Apostolorum,
1517 2944 1681 3022 praesente
1695 2943 1762 3002 Re-

115 3038 235 3112 decisa,
263 3039 371 3102 forma
394 3039 514 3101 futuris
540 3040 681 3115 negotiis
702 3038 839 3117 provide
867 3040 911 3101 sit
963 3043 1202 3105 verendissimo
1215 3045 1250 3105 iii
1265 3045 1395 3105 Christo
1408 3044 1476 3104 lilio
1492 3042 1617 3111 nostro,
1633 3037 1759 3099 illustri

115 3136 228 3199 relicta
244 3159 254 3198 z
269 3136 349 3215 quia
368 3136 480 3199 tamen
491 3136 628 3214 prodiga
647 3153 759 3197 rerum
776 3138 906 3209 natura,
964 3144 1187 3202 Romanorum
1199 3142 1398 3217 imperatore
1413 3142 1445 3202 et
1457 3154 1587 3215 semper
1600 3134 1759 3210 Augusto,

118 3234 295 3295 secundum
310 3235 489 3296 varietates
506 3234 739 3310 multiplicium
758 3249 907 3306 casuum,
964 3238 999 3298 in
1023 3237 1245 3299 celebratione
1267 3238 1456 3307 missarum,
1473 3235 1647 3311 postquam
1659 3230 1761 3305 capiti

118 3331 200 3406 parit
218 3330 367 3408 quotidie
386 3347 489 3393 noras
511 3347 646 3405 causas;
669 3347 730 3391 nos
750 3330 909 3406 quasdam
964 3349 1024 3394 suo
1046 3335 1263 3410 imposuimus
1287 3333 1419 3408 imperii
1431 3329 1595 3399 diadema,
1619 3328 1659 3386 de
1681 3341 1762 3387 con-

133 3477 281 3551 (llletitd
291 3480 328 3537 de
340 3480 366 3537 la
379 3482 544 3562 compilatio
554 3482 702 3551 prinmest
712 3479 825 3536 intituli
837 3478 907 3551 ega·
967 3482 1061 3539 'ubeat
1074 3481 1220 3540 Tancrcdo
1234 3481 1310 3537 bario
1319 3479 1549 3538 constitutionem
1560 3475 1696 3535 Bononiae
1708 3489 1758 3546 pu·

118 3550 219 3632 lement
243 3554 285 3608 Dc
309 3552 569 3633 Cotistttcttotttbus.
583 3552 638 3607 Les
656 3548 820 3632 Decretales
839 3547 907 3631 tire·
961 3500 1068 3610 silicara
1082 3560 1135 3622 est,
1152 3553 1217 3625 quia
1232 3554 1362 3610 Potestas
1383 3558 1411 3607 et
1429 3550 1549 3623 populus
1570 3545 1760 3606 Bononiensis

120 3633 266 3746 pariendas
278 3636 318 3678 en
328 3628 378 3702 orit
387 3620 473 3703 faule
488 3627 529 3702 tit.
546 3621 612 3701 zeii
622 3620 648 3676 le
656 3618 760 3677 faisant
775 3618 910 3691 proceder
964 3624 1167 3706 seseJunxerat
1178 3623 1285 3680 soedere
1300 3637 1365 3679 eum
1380 3623 1492 3680 othone
1507 3623 1579 3690 lurp.
1595 3617 1662 3676 Ideo
1677 3619 1758 3675 Iuno

138 3693 294 3749 utitre2De
311 3692 458 3757 minitata,
474 3704 522 3761 qui
537 3689 651 3747 devient
662 3691 689 3747 le
704 3693 836 3762 premier.
963 3702 1074 3752 centius
1085 3696 1135 3763 ΙΙΙ,
1151 3694 1204 3751 sub
1220 3707 1302 3766 poena
1316 3690 1619 3750 excommunicationis
1634 3694 1663 3746 et
1674 3686 1760 3745 Solio·

133 3759 185 3843 ts)
197 3762 399 3845 Boucniuslli
412 3775 560 3842 successor
570 3762 788 3843 innocentiilll,
801 3762 828 3818 iii
840 3761 909 3818 mul·
962 3767 1053 3822 larum
1074 3765 1278 3834 translationis,
1298 3763 1435 3821 desistere
1442 3762 1523 3846 jubet
1537 3760 1640 3833 populo
1663 3761 1756 3816 Bono·

121 3833 155 3886 tis
167 3846 256 3916 ipsum
262 3838 400 3899 imitatus,
416 3830 557 3912 Epistulas
572 3830 658 3887 edidit
673 3832 905 3900 Decretales,de·
963 3836 1065 3904 nicusi,
1081 3836 1172 3906 Epist.
1186 3836 1230 3903 79,
1247 3837 1297 3893 tio.
1315 3836 1342 3904 i,
1364 3849 1418 3906 qua
1441 3847 1470 3889 iii
1486 3831 1641 3905 pertinacia
1660 3836 1759 3886 contra

68 3943 70 3947 .
124 3913 181 3958 cam
198 3901 275 3960 liliris
294 3901 529 3985 comprehensas,
542 3909 622 3984 Juxta
643 3917 793 3959 numerum
808 3902 908 3959 decem
963 3905 1066 3964 sedem
1085 3906 1278 3979 Apostolicam
1294 3910 1480 3969 remanserat,
1503 3904 1569 3959 licet
1584 3906 1668 3958 antea
1683 3897 1756 3956 Otlio

124 3982 252 4054 annorum
265 3973 371 4056 quibus
383 3972 540 4055 Ecclesiam
559 3978 641 4041 rexit,
655 3979 683 4028 et
695 3979 793 4029 contre
811 3972 908 4030 hostes
963 3977 998 4034 ab
1015 3978 1181 4034 Innocentio
1195 3979 1246 4045 lll,
1260 3976 1415 4049 depositus,
1430 3981 1461 4031 et
1473 3974 1503 4030 iu
1519 3975 1580 4044 ejus
1594 3973 1688 4027 locum
1703 3967 1759 4026 suf·

125 4040 197 4098 Sedis
215 4045 388 4117 Apostolicoe
399 4042 517 4100 feliciter
527 4042 672 4102 defendit:
688 4044 761 4100 sicut
779 4042 845 4100 fecit
858 4047 905 4101 lii·
963 4047 1055 4105 lectus
1070 4046 1230 4104 Fridericus
1245 4047 1353 4104 fuisset.

124 4115 323 4181 nocentiusllI,
333 4114 381 4186 qui
392 4114 472 4187 juxta
482 4112 626 4170 sexdecim
642 4127 732 4171 annos
743 4118 786 4171 sui
796 4114 907 4197 pontill-

126 4185 244 4263 catusio
268 4185 389 4242 totidem
413 4185 499 4242 libros
521 4198 588 4241 suas
610 4186 634 4241 Ε
656 4184 752 4241 istolas
775 4183 906 4255 digessit.

126 4247 233 4318 budam
247 4256 412 4313 existimant
426 4253 613 4323 Tancredum,
643 4269 659 4310 e
673 4269 729 4327 quo
744 4254 790 4311 hic
801 4255 905 4327 agitur,

127 4322 354 4403 archidiaconum
381 4327 600 4393 Bononiensem,
623 4324 695 4398 juris
718 4324 907 4396 professorem

128 4396 259 4472 eiimium,
274 4396 395 4454 lionorii
410 4396 492 4469 jussu
508 4395 584 4452 hanc
598 4395 832 4467 compilationem
848 4395 907 4452 edi·

129 4457 297 4533 distanter
360 4481 392 4523 os
415 4465 466 4524 fuit
490 4465 629 4522 Antonius
652 4465 831 4545 Augustinus
853 4466 906 4523 Ar-

998 4118 1039 4189 (c)
1055 4118 1297 4176 llaecConstitutio
1307 4117 1410 4188 scripta
1421 4122 1464 4171 est
1474 4114 1615 4186 Episcopo
1625 4110 1758 4178 Bononi,

963 4187 1085 4245 ilenrico
1097 4189 1176 4242 dalla
1185 4189 1297 4255 Frctta,
1309 4195 1336 4243 et
1346 4200 1411 4258 quae
1421 4184 1539 4241 refertur
1554 4185 1583 4239 iii
1593 4197 1656 4255 cap.
1666 4182 1756 4238 Neoc-

962 4259 1013 4326 rit,
1024 4257 1070 4326 la,
1085 4258 1118 4312 dc
1131 4261 1201 4313 seut.
1217 4272 1401 4323 excommun,
1418 4256 1448 4311 iu
1462 4270 1517 4326 qua
1532 4262 1628 4311 tamaii
1644 4251 1719 4308 nulla
1729 4250 1759 4307 lli

963 4328 1070 4384 mentio
1091 4326 1235 4384 friderici.
1253 4327 1343 4398 liujus
1365 4326 1492 4398 episcopi
1510 4323 1698 4381 Bononiensis
1711 4321 1757 4376 iii·

962 4404 1072 4455 tererat
1083 4396 1157 4453 bona
1173 4397 1302 4453 ecclesiae
1316 4412 1375 4453 suia
1389 4395 1562 4460 confirmari,
1579 4406 1700 4464 quorum
1711 4390 1759 4461 jus

962 4469 991 4524 iii
1011 4467 1128 4524 dublum
1151 4466 1346 4534 revocabatur,
1360 4473 1391 4523 ut
1414 4465 1511 4521 scribit
1529 4463 1617 4518 abbas
1638 4463 1756 4531 Ursper·

130 4528 318 4621 cbiepiscopus
350 4536 548 4594 ariaconeusls
564 4552 571 4593 :
587 4541 685 4591 contra
701 4550 782 4607 cuius
793 4542 907 4592 senten·
962 4539 1070 4666 pensis,
1087 4545 1115 4593 et
1136 4539 1197 4609 ipsc
1218 4537 1359 4593 Honorius
1378 4536 1470 4604 Epist.
1486 4534 1550 4601 sia,
1566 4531 1614 4603 qui
1628 4538 1659 4586 ut
1673 4528 1759 4586 refert

130 4599 189 4659 tiam
212 4606 275 4665 facit
301 4610 390 4680 priina
406 4600 573 4666 Constitutio
589 4605 673 4677 hujus
687 4606 906 4677 compilationis,
985 4608 1083 4665 zovius
1094 4608 1133 4663 cii
1143 4624 1211 4664 aaa.
1229 4607 1307 4674 lais,
1320 4621 1398 4663 sirm.
1413 4607 1440 4669 2,
1454 4601 1675 4661 consuetudines
1686 4615 1754 4658 con·

963 4688 1005 4737 tia
1023 4678 1182 4737 libertatem
1195 4678 1358 4735 Ecclesiaea
1374 4674 1611 4744 Bononiensibus,
1628 4672 1755 4745 spoleta·

131 4683 205 4794 priam
223 4677 279 4735 adi
302 4693 365 4736 suin
380 4676 555 4735 Tancredum
575 4676 672 4749 dirigit
693 4677 845 4745 Honorius,
859 4676 907 4733 sd-

147 4750 215 4814 itque
232 4763 262 4804 se
275 4694 420 4822 Episioias
452 4747 614 4806 Decretales
634 4746 782 4819 compilari
807 4745 908 4805 fecisse

132 4823 194 4897 quas
206 4827 299 4899 postea
315 4819 367 4877 sub
382 4819 460 4877 Bulla
475 4819 530 4891 ipsi
543 4819 690 4876 Tancredo
705 4818 865 4888 destinavit,
878 4827 909 4875 ut

132 4886 214 4963 itiniii
227 4890 442 4962 pudiciis,quam
459 4890 489 4945 in
501 4888 610 4946 scholis
624 4890 666 4946 cis
680 4896 815 4958 uteretur,
831 4897 860 4946 et
872 4890 908 4947 ab

134 4949 187 5008 aliis
203 4961 285 5043 recipi
300 4960 414 5018 iaceret.
429 4962 493 5018 Scio
512 4959 681 5042 quibusdam
699 4960 793 5017 visum
808 4959 906 5030 fuisse,

134 5032 249 5107 futinus
261 5031 291 5088 id
313 5032 456 5088 Honorius
474 5031 628 5103 scripserit,
645 5043 702 5085 nou
724 5037 820 5087 tamea
841 5030 908 5087 inda

134 5100 203 5177 ⁸0un
224 5101 287 5181 quin
306 5101 468 5160 'l'ancredus
489 5102 550 5173 ipse
565 5101 697 5158 collector
712 5098 804 5159 fuerit.
819 5102 909 5175 Hujus

135 5170 260 5251 opinionis
274 5173 380 5230 nullam
395 5172 588 5245 conjecturam
603 5172 696 5229 video.
711 5173 784 5228 Naui
806 5188 905 5244 quain·

135 5239 172 5287 lis
185 5236 352 5300 lastinianus
372 5244 545 5300 friboniano
556 5242 629 5315 juris
649 5243 741 5299 civilis
763 5243 905 5301 collectio·

135 5309 192 5378 item
203 5314 312 5385 exsequi
326 5314 513 5383 mandaverit,
530 5329 565 5369 ex
577 5314 639 5384 ipsa
653 5319 750 5371 tamen
769 5314 906 5371 constitu·

135 5372 398 5454 1¹⁰1laadeui1ideni
421 5384 623 5441 Tribonianum
644 5383 766 5441 dilucide
785 5392 905 5453 constat,

135 5437 384 5512 iurisconsultorum
408 5455 520 5512 diversa
545 5468 683 5527 responsa
709 5461 738 5511 et
763 5455 907 5513 volumina

137 5519 293 5586 congerendi
301 5525 448 5598 negotium
458 5523 662 5595 demandasse;
676 5524 751 5598 quod
761 5526 908 5584 Tanciedo

963 4752 1019 4820 nis,
1035 4750 1249 4817 Narniensibus,
1267 4747 1504 4815 Ferrariensibus,
1520 4746 1594 4802 villae
1607 4744 1756 4814 bladinum,

962 4830 991 4879 et
1003 4821 1107 4877 montis
1120 4821 1221 4877 Falisci
1231 4819 1392 4877 civitatibus
1403 4827 1511 4875 temere
1524 4817 1624 4886 editas,
1636 4830 1755 4873 conces-

962 4894 1058 4949 siones
1078 4906 1200 4964 quoque,
1220 4905 1258 4956 „ac
1281 4889 1449 4947 donationes
1476 4889 1638 4962 patrimonii
1666 4886 1756 4943 sancti

964 4964 1038 5022 Petri
1053 4965 1146 5019 irritas
1161 4977 1225 5019 esse
1240 4961 1374 5018 decrevit.
1391 4962 1496 5019 Civitas
1515 4958 1646 5031 equidem
1661 4960 1754 5014 Bona·

962 5035 1079 5101 niensis,
1093 5041 1122 5090 et
1134 5032 1192 5089 fere
1207 5047 1308 5089 ornnes
1319 5032 1458 5095 civitates,
1472 5046 1535 5104 quie
1551 5028 1586 5086 ad
1598 5028 1756 5085 Ecclesiam

962 5105 1113 5232 pertinent,
1123 5103 1301 5171 rebellarant,
1311 5110 1340 5160 et
1350 5104 1582 5173 vexilluminquo
1593 5097 1757 5171 majusculis

973 5175 1062 5232 itteris
1081 5182 1143 5231 erat
1164 5174 1347 5247 descriptum,
1361 5174 1547 5239 crassius
1574 5170 1710 5238 fecerant,
1725 5172 1756 5222 ut

963 5246 1048 5303 refert
1069 5247 1237 5319 anonymus
1265 5247 1296 5302 io
1316 5248 1375 5301 cita
1396 5244 1524 5314 Gregorii
1537 5244 1589 5309 ΙΙΙ,
1609 5239 1683 5295 adita
1705 5250 1756 5308 per

962 5319 992 5376 C.
1005 5318 1041 5376 V.
1055 5318 1237 5375 Franciscuin
1257 5320 1440 5388 Bosquetum,
1458 5330 1492 5371 ex
1507 5308 1677 5389 bibliotheca
1695 5309 1753 5388 Bu·

962 5387 1054 5445 riensi.
1069 5386 1181 5445 Othone
1195 5401 1264 5443 vero
1275 5388 1445 5459 imperatore
1456 5389 1576 5446 mortuo,
1596 5377 1755 5435 Fridericus

963 5458 1113 5530 imperium
1128 5459 1163 5515 ab
1178 5459 1303 5515 Honorio
1319 5472 1368 5528 per
1379 5455 1509 5512 abbatem
1521 5448 1691 5531 Fuldensem
1702 5449 1754 5505 lio

963 5543 1039 5586 mam
1054 5528 1424 5599 missum'iinpetrnvit,tum
1437 5521 1540 5578 deinde
1554 5525 1687 5576 inunctus
1699 5525 1753 5588 est,

137 5575 245 5646 delatum
261 5607 315 5652 non
334 5596 508 5668 agnoscitur.
524 5595 604 5653 ilatio
619 5610 687 5653 vero
702 5610 752 5653 cur
767 5597 909 5655 llonoriiis
962 5606 991 5656 et
1005 5606 1156 5656 coronatus
1175 5613 1208 5656 ea
1224 5596 1440 5664 condiderant
1458 5589 1634 5648 libertatibus
1653 5590 1750 5647 iic-cle·
