3936 6182
87 295 141 357 537
720 292 844 355 LIBER
866 293 1079 358 CENSUUM.

122 457 157 518 ln
183 451 374 532 episcopatu
398 450 535 531 Aptensi
563 468 570 508 ε
597 450 769 517 Gaiandus
795 468 871 516 oum
965 457 1004 520 ln
1018 457 1211 541 episcopatu
1225 462 1446 529 Gebennensi.

86 550 233 617 iratribus
248 551 282 612 et
302 548 477 628 nepotibus
491 550 573 624 suis,
592 552 614 612 3
631 548 868 614 marabutinos.

121 648 360 727 [aepiscopatu
374 647 529 725 Regensi.
1191 672 1298 732 pipp
1308 675 1456 737 NCM⁸

121 750 155 811 Iu
168 746 360 824 episcopatu
377 745 610 825 Forojuliensi.

119 843 262 908 Ecclesia
286 843 517 915 Pinnacensis,
543 846 563 904 7
586 843 711 907 solidos
731 860 869 922 mergu-
964 840 1001 901 lu
1016 839 1304 922 archiepiscopatu
1320 847 1534 926 Lugdunensi
1552 858 1721 922 :Ecclesia

86 943 190 1005 liensis
201 941 326 1005 ueteris
339 941 491 1004 monetae
925 937 1038 1000 Sancti
1053 941 1216 1017 Augendi,
1232 958 1333 1005 unam
1346 948 1480 1011 unciam
1494 953 1580 1015 auri.

119 1040 262 1104 Ecclesia
273 1039 404 1102 Sanctae
414 1039 530 1101 Mariae
540 1038 755 1111 Bariolensis,
766 1055 869 1102 unum
963 1036 1202 1100 Monasterium
1224 1042 1346 1105 Insulae
1365 1047 1533 1123 Barbarae,
1555 1053 1719 1117 2uncias.

85 1138 331 1201 marabutinum.
962 1133 1203 1198 Monasterium
1231 1141 1345 1203 Sancti
1371 1145 1463 1207 Petri
1488 1149 1611 1213 Montis
1641 1153 1721 1216 Vir-

119 1238 153 1298 In
165 1235 359 1314 episcopatu
370 1234 584 1313 vapincensi.
923 1229 1015 1304 duni,
1040 1249 1143 1297 unum
1169 1235 1363 1313 bisantium,
1400 1241 1487 1307 sicut
1516 1244 1659 1311 habetur
1683 1251 1719 1312 in

118 1333 353 1411 inepiscopatu
362 1332 573 1396 Slaterciensi
584 1349 592 1389 ε
602 1332 750 1396 Ecclesia
756 1332 869 1394 Sancti
923 1330 1053 1405 regesto
1068 1332 1257 1409 Clementis,
1275 1353 1365 1400 anno
1380 1341 1498 1418 primo.

84 1431 208 1493 Martini
218 1431 259 1494 de
274 1433 391 1503 croco,
405 1446 507 1493 unum
522 1430 779 1493 marabutiuum.
962 1429 1001 1488 In
1040 1429 1233 1509 episcopatu
1262 1436 1408 1500 Eduensi
1438 1460 1445 1500 :
1479 1443 1719 1507 Monasterium

117 1529 260 1591 Ecclesia
270 1530 385 1593 Sancti
395 1529 531 1591 Martini
539 1527 754 1601 crosciensis,
767 1544 869 1589 unum
924 1525 1055 1589 Sanctae
1081 1529 1197 1592 Mariae
1223 1531 1430 1609 Magdaienae
1453 1538 1718 1617 Virgiliacensis,

83 1626 329 1689 marabutinum.
923 1637 1024 1685 unam
1039 1624 1160 1687 libram
1174 1631 1305 1704 argenti
1319 1632 1408 1709 puri.

115 1726 150 1785 ln
172 1724 464 1804 archiepiscopatu
487 1724 675 1788 Arelatensi
700 1740 709 1782 τ
733 1725 870 1786 Monas-
963 1723 1002 1783 In
1018 1723 1209 1802 episcopatu
1223 1727 1472 1793 Matiscouensi.

83 1821 190 1883 terium
211 1822 326 1885 Sancti
340 1822 433 1884 Petri
444 1822 595 1902 Majoris,
612 1826 631 1886 4
650 1822 792 1900 solidos3
808 1837 868 1901 pro
963 1820 1000 1881 In
1015 1820 1207 1899 episcopatu
1220 1823 1456 1889 cabillonensi.

83 1920 206 1983 castello
221 1921 334 1983 autem
348 1920 493 1994 Bidulni‚
509 1921 618 1984 thuris
631 1920 736 1983 libras
748 1922 780 1983 3.
961 1916 1001 1978 In
1014 1915 1208 1994 episcopatu
1221 1919 1426 1997 Lingouensl
1442 1946 1450 1985 z
1467 1926 1616 1993 Ecclesia
1637 1931 1719 1992 Pul-

115 2019 351 2081 Monasterium
375 2017 489 2083 Sancti
514 2018 666 2081 Gervasii
684 2018 726 2081 de
740 2017 866 2091 Fossis,
920 2011 1090 2087 taricheis,
1106 2031 1207 2077 unam
1219 2016 1339 2080 libram
1354 2022 1497 2096 argenti.

81 2115 246 2178 bsolidos.
961 2110 1111 2175 Ecclesia
1124 2112 1349 2191 Divionensis,
1372 2133 1519 2183 marcam
1541 2137 1642 2187 uuam
1661 2139 1718 2187 ar-

112 2214 353 2277 Monasterium
367 2215 572 2287 Arelatense
587 2215 629 2275 20
642 2212 777 2284 solidos.
922 2207 1024 2284 genti.
1120 2260 1124 2269 .

111 2311 147 2371 In
165 2311 362 2390 episcopatu
384 2311 589 2373 Massiliensi
613 2327 621 2367 ι
644 2307 869 2373 communitas
964 2307 1002 2366 ln
1020 2304 1309 2386 archiepiscopatu
1322 2312 1506 2377 senonensi
1521 2332 1529 2373 ε
1546 2318 1719 2384 Monaste-

77 2408 293 2470 Massiliensis
308 2407 406 2471 dehet
425 2408 524 2470 annis
547 2407 690 2485 singulis
711 2407 869 2469 Ecclesiae
923 2400 1010 2463 rillm
1032 2404 1261 2481 Ferrarienffl,
1278 2424 1378 2471 unam
1393 2411 1526 2479 unciam
1549 2416 1624 2481 auri
1643 2418 1719 2480 sin·

77 2506 230 2571 Romanae
244 2504 714 2568 1000b010smassemutimos.
730 2505 769 2575 Et
782 2504 870 2566 lacta
923 2500 1011 2577 gulis
1024 2501 1190 2567 trienniis.

77 2602 119 2664 est
144 2603 316 2665 censualis
337 2618 426 2665 anno
454 2606 473 2665 4
499 2602 624 2667 domini
649 2601 801 2679 Gregorii
824 2603 870 2664 IX
961 2599 1201 2663 Monasterium
1237 2604 1368 2667 Sancte
1407 2606 1584 2686 Columbae,
1616 2630 1717 2678 unum

77 2702 179 2778 Papae.
194 2696 516 2782 [delectamentum]
838 2687 846 2702 ’
922 2696 1179 2761 marabutinum.

110 2799 146 2857 ln
159 2797 359 2875 episcopatu
371 2796 613 2860 avinionensi:
630 2795 868 2859 Monasterium
962 2794 1000 2855 In
1019 2794 1213 2875 episcopatu
1234 2799 1419 2863 Parisiensi
1443 2820 1452 2861 z
1476 2807 1717 2873 Monasterium

78 2893 183 2956 Sancti
208 2893 352 2957 Andreae
378 2894 466 2972 apud
493 2895 639 2957 Montem
662 2892 865 2967 andaonem,
922 2891 1166 2968 Latiniacense,
1185 2913 1286 2959 unam
1301 2901 1434 2961 unciam
1449 2904 1534 2965 auri.

77 2990 207 3053 blibras
222 3006 321 3065 cerae,
343 2991 376 3055 et
393 3007 453 3070 pro
476 2990 619 3054 ecclesia
641 2990 755 3063 Sancti
775 2990 867 3053 Petri
959 2990 1108 3053 Ecclesia
1124 2994 1238 3056 Sancti
1257 2994 1392 3059 'rhomae
1410 3014 1594 3078 pauperum
1613 3005 1717 3069 scho-

77 3085 282 3161 deTathone,
298 3089 434 3151 2libras
449 3105 546 3151 cerae.
920 3085 1042 3155 larium
1064 3088 1300 3166 parisiensium
1321 3096 1456 3171 recepta
1476 3099 1527 3160 est
1552 3100 1613 3161 suh
1638 3118 1719 3178 pro-

114 3188 148 3247 In
162 3188 355 3264 episcopatu
367 3185 604 3250 Aurasiacensi
620 3206 628 3248 s
644 3187 699 3247 W.
713 3184 867 3248 dominus
920 3183 1063 3247 tectione
1078 3188 1238 3251 Romanae
1248 3190 1416 3263 Ecclesia,
1431 3195 1642 3268 pontificatus
1657 3198 1719 3260 do-

81 3283 216 3360 ejusdem
238 3285 344 3358 sillae,
364 3283 535 3346 dimidiam
554 3299 702 3347 marcam
724 3283 865 3360 argenti.
921 3280 1004 3342 mini
1018 3284 1204 3347 Innocentli
1216 3286 1264 3345 111
1285 3287 1385 3362 Papae
1401 3301 1489 3349 anno
1501 3290 1551 3351 12.
1567 3293 1608 3354 Et
1621 3292 1718 3359 debet

114 3382 148 3442 ln
161 3381 354 3459 episcopatu
368 3381 578 3445 Vasionensi.
921 3377 1063 3454 singulis
1075 3378 1173 3440 annis
1188 3395 1249 3458 pro
1263 3396 1366 3443 censu
1376 3384 1398 3443 2
1408 3383 1524 3447 obolos
1536 3389 1621 3451 auri.

114 3480 148 3539 ln
160 3479 353 3558 episcopatu
365 3477 595 3541 Cabellicensi.
961 3474 1158 3538 Octarokal.
1170 3472 1525 3548 Nor.,annobdomini
1534 3484 1716 3552 Alexandri

114 3577 149 3636 In
173 3576 368 3655 episcopatu
399 3575 598 3649 Triscatino,
636 3573 724 3637 idest
755 3573 867 3636 Sancti
921 3572 1022 3650 Papae
1036 3572 1179 3652 Ivepud
1191 3574 1389 3652 anagniam,
1399 3580 1569 3658 receptum
1583 3585 1634 3648 est
1643 3602 1718 3650 mo-
1834 3606 1838 3613 ·

82 3673 177 3735 Pauli.
921 3668 1104 3732 neoterium
1120 3672 1232 3735 Sancti
1253 3673 1403 3753 Dlonysil
1426 3676 1463 3741 in
1481 3681 1624 3746 Francia
1654 3685 1716 3749 sub

115 3772 148 3831 ln
159 3772 353 3851 episcopatu
366 3771 581 3834 Tholeneusi.
921 3767 1126 3846 protectione
1134 3773 1292 3834 Romanae
1306 3773 1475 3838 Ecclesia.
1484 3778 1525 3840 Et
1538 3780 1635 3845 debet
1649 3784 1720 3847 sol·-

115 3870 149 3929 ln
161 3870 354 3949 episcopatu
368 3867 671 3948 carpentoratensi.
920 3880 1000 3927 sere
1027 3868 1201 3930 annuatim
1231 3884 1292 3948 pro
1320 3885 1423 3933 censu
1452 3890 1554 3939 uuam
1581 3880 1717 3944 unciam

116 3965 150 4024 ln
170 3966 461 4044 archiepiscopatu
481 3965 663 4033 Viennensi
687 3981 694 4023 ε
717 3962 867 4033 Ecclesia
922 3964 996 4025 auri
1003 3964 1044 4027 ad
1055 3966 1184 4044 pondus
1196 3982 1381 4030 romanum.
1397 3967 1715 4060 [castramenrump

84 4061 301 4137 Romanensis,
331 4079 406 4142 quae
440 4062 595 4141 specialis
624 4064 675 4125 est
708 4060 868 4124 Ecclesiae
960 4061 1205 4125 Monasterium
1219 4064 1333 4127 Sancti
1344 4065 1495 4144 Dionysii
1511 4070 1547 4131 in
1561 4072 1716 4147 Francia,

84 4159 237 4236 Romana,
252 4160 355 4224 debet
373 4160 547 4227 annuatim
570 4175 630 4238 pro
644 4175 748 4222 censu
763 4174 867 4220 unum
921 4157 1008 4235 quod
1029 4174 1049 4220 a
1072 4159 1186 4223 multis
1210 4159 1415 4238 temporibus
1438 4168 1627 4245 exemptum
1653 4173 1715 4247 est,

81 4257 250 4320 sesamum
278 4258 541 4335 amygdalarum,
565 4256 651 4336 quod
663 4256 868 4334 geminatum
921 4270 1039 4332 nuper,
1059 4254 1216 4319 videlicet
1234 4272 1322 4320 anno
1337 4258 1463 4322 domini
1475 4263 1659 4328 Alexandri
1673 4272 1719 4331 IV

84 4349 153 4417 lucit
164 4357 365 4419 mediocrem
377 4371 540 4418 saumam.
922 4353 1023 4430 Papae
1038 4351 1164 4429 quinto,
1180 4354 1200 4412 8
1214 4352 1375 4415 kalendas
1392 4357 1601 4434 Novembris,
1617 4378 1717 4425 oons-

117 4453 151 4512 ln
171 4454 364 4532 episcopatu
384 4450 591 4516 Valentienei
608 4472 615 4512 ε
632 4449 796 4514 Geraldus
808 4449 869 4511 Ai-
921 4448 1012 4511 tituit
1030 4464 1166 4510 censum
1185 4449 1283 4512 unius
1302 4451 1411 4513 unciae
1432 4456 1507 4515 auri
1526 4456 1568 4516 ad
1586 4460 1715 4534 pondus

84 4550 396 4623 mariideMonalio,
412 4566 515 4611 unum
530 4547 786 4611 marabotinum.
922 4549 1124 4615 Romanum,
1151 4545 1345 4607 solvendum
1368 4549 1467 4611 annis
1492 4551 1634 4630 singulis
1653 4574 1719 4636 pa-

117 4648 255 4711 Ecclesia
271 4648 385 4711 Sancti
397 4647 473 4710 Ruti
490 4645 587 4708 dehet
600 4645 698 4709 annis
713 4643 866 4721 singulis,
922 4642 1003 4706 latio
1018 4643 1247 4704 lateranensi.
1262 4640 1581 4731 [Additomcctuml

84 4741 330 4810 3marabutinos
351 4761 411 4824 pro
426 4743 693 4822 possessionibus
716 4741 758 4804 de
777 4742 865 4815 Sata,
962 4742 1000 4803 ln
1025 4740 1218 4818 episcopatu
1241 4742 1438 4806 carnotensi
1455 4767 1463 4806 :
1479 4748 1717 4817 Monasterium

86 4838 149 4901 sies
162 4843 194 4903 in
206 4843 343 4906 dioecesi
356 4842 551 4919 Agathensi.
922 4838 1154 4912 Vindociense,
1172 4840 1211 4900 la
1224 4838 1350 4903 solidos
1363 4842 1623 4921 andegavenses.

120 4937 155 4997 ln
167 4940 356 5020 episcopatu
372 4937 573 5002 Vivariensi.
961 4936 1110 4998 Ecclesia
1126 4937 1256 5001 Sancta
1270 4939 1387 5003 Mariae
1406 4940 1446 5003 de
1461 4945 1716 5030 Grandicampo,

120 5035 498 5116 inepiscopatuhiensi.
923 5049 1026 5096 unum
1038 5034 1273 5103 melechinum.

121 5133 355 5214 [aepiscopatu
367 5132 687 5211 Gratianopolitano.
962 5130 1719 5210 Monasterium,quoddiciturCustodiaBeatae

121 5230 156 5291 in
168 5233 355 5312 episcopatu
369 5229 598 5294 Maurianensi
614 5246 624 5291 a
640 5228 814 5306 Hospitale
828 5227 869 5292 de
922 5230 1040 5292 Mariae
1047 5229 1146 5307 juxta
1159 5228 1277 5305 Blesis,
1302 5232 1430 5296 ordinis
1455 5237 1586 5299 Sanctae
1600 5239 1717 5314 Clarae,

88 5322 377 5402 Rupeoulalactum
402 5329 454 5393 est
477 5326 635 5408 masuam
654 5327 691 5388 in
715 5327 755 5387 12
767 5326 868 5389 vien·
923 5343 1024 5390 unam
1036 5327 1269 5411 unciamauri.

88 5423 231 5488 rensibus
252 5427 424 5490 annuatim
444 5426 593 5504 tempore
615 5422 744 5487 domini
768 5425 869 5501 Papae
962 5426 1463 5504 IuepiscopatuAurelianensi.

89 5516 259 5586 innocentii
273 5528 316 5589 lv
337 5540 425 5586 anno
438 5526 470 5594 2,
486 5522 573 5585 sicut
595 5520 735 5600 apparet
756 5520 793 5582 in
813 5536 870 5583 re-
963 5526 1001 5585 In
1015 5524 1208 5602 episcopatu
1224 5523 1433 5587 Nivemense
1456 5542 1464 5582 :
1480 5527 1719 5594 Monasterium

89 5617 169 5686 gesto
179 5623 322 5696 ejusdem
337 5624 448 5699 Papae.
466 5616 782 5700 [Academiam]
925 5620 1163 5692 saviliacense,
1179 5637 1282 5682 unum
1299 5621 1556 5685 marabutinum.
