3936 6182
117 282 180 344 ’505

123 447 277 506 Romanae
291 440 449 503 Ecclesiae
464 438 624 514 censuali,
651 440 757 518 posita
770 441 805 502 in
824 442 915 521 epis-

123 541 237 618 copatu
252 539 454 601 Moranensi.

159 642 195 701 In
209 638 401 715 episcopatu
415 636 632 699 Satrianensi.

159 738 194 798 In
208 735 403 812 episcopatu
419 735 540 797 Montis
554 733 752 797 viridensis.

157 837 193 895 ln
208 834 402 911 episcopatu
416 833 678 911 Laquedonensi.

158 935 194 994 ln
208 931 498 1009 archiepiscopatu
507 931 711 1007 ngeronano
724 953 731 993 ε
742 931 913 1009 Hospitale

121 1030 263 1109 ejusdem
274 1030 421 1091 civitatis
436 1045 510 1090 oum
524 1030 651 1107 capella
662 1030 769 1092 sancti
782 1029 910 1102 Lazari,

121 1132 184 1191 tres
197 1128 323 1190 solidos
338 1142 529 1205 parnenses.

156 1226 407 1299 Monasterium,
433 1226 520 1303 quod
547 1225 669 1288 dicitur
696 1225 736 1287 de
766 1228 914 1288 Boncon·

118 1339 221 1397 verso,
238 1339 302 1386 sex
313 1324 437 1386 solidos
452 1325 538 1385 auri.

156 1424 192 1483 In
206 1423 402 1499 episcopatu
415 1422 602 1485 Potentino.

155 1518 392 1595 inepiscopatu
405 1518 639 1580 Γ11166116611611
648 1517 796 1580 Ecclesia
804 1520 912 1579 Sanc·

118 1618 156 1678 tae
170 1615 355 1689 Trinitatis,
373 1632 474 1677 unam
484 1616 618 1678 unciam
632 1616 717 1677 auri.

152 1715 188 1774 In
201 1714 396 1791 episcopatu
413 1714 584 1776 Venusino
597 1714 766 1776 :Ecclesia
781 1714 912 1776 Sanctae

117 1812 299 1886 trinitatis,
314 1827 414 1873 unam
430 1813 563 1874 unciam
576 1812 661 1873 auri.

151 1910 302 1972 Ecclesia
318 1910 431 1973 Sancti
442 1910 574 1973 Nicolai
586 1910 627 1972 (16
637 1908 911 1972 Morbanounum

119 2006 310 2084 equitatum.

153 2107 190 2166 In
205 2106 402 2184 episcopatu
416 2104 630 2169 Gravinensl.

152 2205 189 2264 ln
211 2203 406 2281 episcopatu
429 2205 634 2282 anglonensi
651 2203 912 2281 :Monasterium

115 2300 152 2362 de
166 2302 291 2373 Banza,
308 2317 408 2363 unam
423 2302 557 2363 unciam
571 2302 658 2363 auri.

152 2402 192 2460 ln
217 2399 508 2477 archiepiscopatu
528 2399 733 2461 Tarentino:
757 2401 831 2476 Ipse
857 2415 915 2460 ar-

114 2497 350 2574 chiepiscopus
373 2512 433 2574 pro
462 2496 603 2558 ecclesia
626 2496 755 2558 Sancta
783 2496 911 2568 Mariae,

114 2593 199 2654 duas
215 2594 334 2655 uncias
348 2594 434 2654 auri.

153 2691 397 2752 Monasterium
413 2691 542 2754 Sanctae
553 2692 680 2764 Mariae,
693 2692 733 2753 de
745 2692 911 2765 Gualesio‚

118 2804 220 2850 unam
236 2786 356 2849 libram
371 2805 469 2861 cerae,
485 2788 519 2851 et
533 2805 634 2850 unam
658 2788 777 2851 libram
792 2790 911 2852 thuris.

155 2889 193 2947 ln
209 2884 403 2963 episcopatu
418 2886 610 2948 Mutulensi.

157 2984 195 3044 ln
211 2982 405 3060 episcopatu
419 2983 618 3046 castellano.

157 3083 195 3141 ln
222 3080 513 3158 archiepiscopatu
535 3080 759 3156 Brundusino,
783 3082 914 3145 61011-

121 3178 210 3239 tano:
232 3180 307 3255 Ipse
330 3178 650 3257 archiepiscopus,2
678 3180 797 3242 uncias
825 3178 911 3241 auri.

157 3275 306 3337 Ecclesia
328 3276 457 3338 Sanctae
473 3277 589 3339 Mariae
603 3277 644 3341 de
671 3280 781 3340 Parvo
796 3276 912 3351 Ponte,

123 3389 217 3435 unam
231 3374 365 3437 unciam
378 3375 464 3436 auri.

159 3473 305 3534 Ecclesia
322 3473 436 3533 Sancti
452 3473 599 3546 Thomae,
617 3488 693 3534 cum
713 3472 915 3549 hospitales

124 3570 301 3646 Logotheto
330 3569 504 3643 aediiloat0‚
533 3586 634 3631 6116111
656 3569 914 3631 marabutinum.

135 3681 139 3691 ·
159 3667 308 3728 Ecclesia
323 3667 452 3729 Sancta
474 3668 666 3743 Margaritae
685 3668 726 3729 de
743 3671 857 3730 Penna
875 3666 915 3730 de

125 3764 254 3838 Buchio,
271 3781 374 3826 unam
386 3764 520 3825 unciam
535 3765 621 3826 auri.

161 3863 196 3923 In
209 3862 403 3940 episcopatu
417 3862 608 3925 Astauensi.

161 3960 197 4020 ln
228 3960 520 4038 archiepiscopatu
542 3960 713 4023 idrontino
737 3962 915 4024 :Ecclesia

128 4057 249 4120 Sanctae
265 4056 383 4119 Mariae
400 4057 441 4119 de
451 4058 547 4131 Neto,
564 4074 666 4119 unam
677 4061 813 4122 unciam
827 4059 914 4121 auri.

163 4155 400 4218 Monasterium
416 4158 449 4217 S.
465 4155 596 4217 Nicolai
607 4156 648 4217 de
658 4158 799 4231 casulis,
813 4173 916 4219 unum

127 4251 335 4315 michalatum
359 4253 446 4326 auri,
473 4253 560 4331 quod
583 4254 673 4317 valet
694 4256 841 4333 quinque
863 4256 918 4318 ta-

127 4350 211 4411 renis
226 4351 328 4427 regis.

164 4449 406 4527 inepiscopatu
427 4449 607 4511 Castrensl.

165 4546 200 4607 ln
214 4549 406 4625 episcopatu
422 4547 642 4624 Gallipotano.
657 4549 792 4608 (lraecus
806 4546 867 4608 est.

166 4643 201 4704 ln
229 4645 423 4722 episcopatu
441 4645 581 4707 Litiensi
603 4644 778 4707 :Ecclesia
804 4644 918 4707 Sancti

131 4739 297 4815 iohannis,
315 4742 486 4804 dimidiam
499 4744 632 4805 unciam
644 4743 730 4805 6611.

168 4839 202 4898 11
216 4840 408 4919 episcopatu
421 4840 597 4916 Ugentino.

167 4936 203 4997 ln
214 4939 406 5016 episcopatu
421 4938 595 5000 Leuoensi.

169 5034 203 5093 ln
238 5034 527 5113 archiepiscopatu
564 5035 705 5097 Barensi
732 5058 740 5097 ε
770 5035 919 5098 Ecclesia

135 5128 239 5193 Sancti
250 5133 432 5206 Benedicti,
447 5135 468 5194 2
490 5131 707 5210 melequinos.

169 5228 204 5289 ln
212 5230 403 5309 episcopatu
411 5230 582 5293 Bituntino
594 5230 753 5293 :Ecclesia
765 5232 799 5293 S.
811 5234 920 5295 Geor-

133 5321 176 5396 gii
189 5326 358 5402 Bituntini,
373 5328 527 5390 3solidos
542 5343 734 5406 parvenses.

171 5424 206 5484 In
220 5425 410 5504 episcopatu
423 5426 650 5504 Melphetano.

170 5520 206 5581 In
224 5523 415 5602 episcopatu
425 5526 443 5587 J
447 5524 659 5587 avenacensi.

172 5617 207 5677 ln
222 5620 411 5699 episcopatu
425 5620 599 5686 Ruhetino.
726 5616 729 5623 ’

761 281 886 342 LIBER
907 278 1120 344 cENsUUM.

1008 440 1247 522 lnaplscopatu
1262 438 1425 518 Salpensi.

1009 540 1046 601 ln
1059 538 1252 617 episcopatu
1263 536 1443 601 cantiensi.

1009 639 1046 698 In
1059 637 1252 715 episcopatu
1262 636 1446 698 Betentino.
1462 630 1500 715 (·)

1008 730 1765 813 lnaplscopatuconversano:Ahhasejusdem

967 833 1079 905 terrae,
1097 850 1197 894 unam
1213 833 1345 894 unciam
1362 834 1448 893 auri.

1008 932 1046 991 ln
1058 931 1253 1008 episcopatu
1265 931 1525 992 Menerrinensi.

1008 1030 1045 1089 In
1059 1030 1253 1107 episcopatu
1265 1028 1513 1105 Poliguanensi.

1007 1127 1045 1188 In
1057 1128 1250 1206 episcopatu
1265 1126 1485 1189 caterinensi.

1008 1231 1047 1291 In
1068 1227 1262 1304 episcopatu
1275 1225 1459 1287 Larellino.

1008 1331 1046 1389 In
1061 1325 1254 1405 episcopatu
1267 1323 1431 1385 'franensi
1448 1340 1456 1378 ε
1473 1320 1620 1383 Ecclesia
1635 1320 1765 1381 Sanctae

968 1425 1085 1488 Mariae
1102 1424 1138 1485 in
1150 1420 1365 1493 Barolirilla,
1376 1435 1479 1480 unum
1493 1417 1625 1480 obolum
1644 1432 1767 1478 masse·

967 1524 1144 1586 mutinum.

1007 1625 1045 1684 in
1061 1615 1451 1699 episcopathigiliensi.

1007 1722 1045 1782 In
1072 1716 1267 1796 episcopatu
1301 1713 1498 1776 andrensi:
1525 1710 1765 1772 Monasterium

968 1816 1081 1880 Sancti
1096 1814 1230 1877 Thomas
1246 1813 1286 1874 de
1298 1811 1436 1883 Andria,
1453 1808 1606 1887 quartam
1630 1806 1764 1868 unciam

966 1916 1041 1979 auri
1057 1913 1097 1977 ad
1114 1912 1241 1991 pondus
1255 1908 1379 1973 Baroli.

1006 2012 1245 2077 Monasterium
1273 2007 1404 2071 Sanctae
1428 2004 1545 2067 Mariae
1569 2003 1611 2065 de
1638 2002 1761 2074 Monte,

966 2112 1110 2174 mediam
1120 2109 1254 2171 unciam
1269 2106 1355 2168 auri.

1007 2214 1045 2272 In
1064 2204 1353 2284 archiepiscopatu
1376 2200 1550 2279 sipontino
1567 2221 1574 2259 :
1591 2197 1764 2260 Monaste-

967 2308 1056 2371 rium
1067 2304 1190 2366 Montis
1206 2302 1311 2374 Sacri,
1328 2298 1499 2360 dimidiam
1521 2295 1654 2358 unciam
1677 2293 1763 2356 auri.

1008 2402 1157 2467 Ecclesia
1173 2399 1286 2463 Sancti
1309 2394 1486 2469 Leonardi,
1507 2410 1607 2456 unam
1632 2392 1766 2455 unciam

968 2518 1054 2566 aura.

1008 2599 1156 2663 Ecclesia
1185 2595 1299 2659 Sancti
1327 2594 1480 2664 Thomae,
1510 2604 1611 2652 unam
1645 2587 1765 2650 libram

968 2696 1104 2761 olibani.

1007 2791 1247 2856 Monasterium
1277 2788 1390 2852 Sancti
1416 2785 1579 2850 iohannis
1594 2783 1630 2846 in
1649 2785 1763 2853 Lama,

967 2908 1067 2953 unam
1082 2889 1216 2951 unciam
1230 2887 1316 2950 auri.

1006 2987 1246 3051 Monasterium
1262 2985 1392 3048 Sanctae
1406 2980 1523 3043 Mariae
1538 2980 1580 3041 de
1604 2977 1763 3048 Pulzano,

966 3086 1180 3149 Phisancios.

1008 3184 1157 3246 Ecclesia
1171 3179 1302 3243 Sanctae
1314 3178 1430 3239 Mariae
1445 3172 1664 3250 Magdalenaa
1692 3172 1712 3230 2
1725 3169 1766 3230 li·

967 3282 1045 3344 hras
1060 3295 1157 3341 cerae.
1773 3324 1782 3341 ‚

1009 3375 1157 3439 Ecclesia
1184 3372 1314 3434 Sanctae
1347 3368 1464 3431 Mariae
1490 3366 1531 3426 (16
1560 3361 1764 3435 saxorubeo

969 3475 1216 3538 2611161616.

1010 3570 1182 3650 Hospitale
1204 3571 1238 3629 S.
1258 3564 1374 3629 Jacohi
1397 3562 1525 3625 casalis
1548 3558 1647 3633 Nori,
1664 3574 1767 3619 unum

970 3670 1102 3733 obolum
1115 3663 1402 3730 massemutinum.

1010 3771 1048 3831 In
1062 3763 1255 3846 episcopatu
1276 3760 1423 3825 Vestano
1439 3776 1447 3815 τ
1463 3756 1704 3821 Monasterium
1725 3753 1766 3813 de

970 3866 1103 3939 Calena,
1121 3879 1221 3926 unam
1236 3860 1371 3923 unciam
1385 3857 1472 3920 6611.

1009 3963 1157 4026 Ecclesia
1184 3958 1297 4022 Sancti
1325 3956 1417 4020 Petri
1448 3954 1489 4015 de
1519 3951 1633 4029 cripta
1659 3951 1766 4020 Nova,

970 4077 1073 4123 unum
1088 4075 1238 4121 aureum.

1011 4162 1049 4220 ln
1078 4156 1271 4234 episcopatu
1298 4152 1459 4228 Trojano,
1485 4147 1542 4225 qul
1567 4145 1619 4207 est
1643 4142 1770 4205 domini

971 4259 1091 4333 Papae:
1105 4250 1346 4314 Monasterium
1364 4245 1477 4308 Sancti
1496 4242 1601 4305 Marci
1619 4242 1660 4302 de
1675 4243 1768 4317 ona,

971 4358 991 4415 4
1007 4351 1111 4414 libras
1128 4348 1265 4411 olibani.

1011 4452 1134 4510 Domus
1157 4439 1396 4506 Misericordiae
1420 4437 1507 4514 apud
1531 4434 1668 4508 Fogiam
1692 4432 1768 4505 sita,

973 4563 1074 4610 unam
1085 4543 1205 4605 libram
1213 4538 1350 4602 olibani.

1011 4640 1251 4706 Monasterium
1274 4636 1316 4698 (16
1340 4637 1482 4705 Ursam,
1506 4642 1607 4691 imam
1635 4626 1771 4691 unciam

973 4758 1060 4806 6611.

1013 4837 1162 4902 Ecclesia
1184 4834 1298 4898 Sancti
1322 4828 1517 4907 Salvatorls,
1533 4840 1634 4887 unam
1650 4823 1772 4886 libram

974 4953 1073 5011 cerae,
1088 4935 1234 4998 etunam
1248 4932 1290 4995 de
1303 4929 1449 4993 olibano.
1586 4919 1592 4930 '

1015 5039 1053 5099 In
1078 5032 1271 5112 episcopatu
1294 5025 1506 5117 Melphiensi,
1525 5021 1651 5085 domini
1671 5022 1771 5095 Papae

975 5133 1148 5196 similiter:
1163 5126 1403 5193 Monasterium
1418 5123 1652 5191 vulturnense,
1671 5130 1771 5177 unam

975 5231 1109 5295 unciam
1121 5228 1208 5290 auri.

1015 5326 1255 5392 Monasterium
1271 5325 1305 5386 S.
1327 5320 1446 5399 angeli
1469 5318 1510 5379 de
1532 5311 1650 5382 Bandi‚
1671 5322 1772 5369 unam

976 5428 1111 5491 61161661
1123 5424 1210 5487 auri.

1014 5628 1049 5706 t')
1071 5628 1146 5689 ldcst
1159 5623 1306 5684 Biteotino.
