3996 6196
267 223 305 286 91
876 193 1050 257 moroan
1071 193 1116 252 111
1137 194 1284 255 orsas
1792 284 1801 298 ·
1857 215 1894 274 ω

268 378 321 441 ria
352 378 547 450 facularum,
581 392 682 440 unum
713 371 855 440 clericis,
893 368 928 434 et
963 364 1054 430 aliud
1107 366 1241 426 Missam
1262 385 1270 425 ε
1290 379 1364 442 qaae
1392 365 1503 427 omnia
1526 367 1602 427 sunt
1629 365 1893 435 clericornm,si

271 476 431 553 acolythis
446 496 454 537 ε
468 479 502 539 et
519 476 548 538 si
567 473 684 536 desunt
699 467 855 546 acolythi,
869 463 946 527 sunt
956 463 1056 525 cleri-
1107 462 1199 522 curia
1218 461 1331 522 deest:
1345 462 1378 523 et
1393 462 1534 538 quatiam·
1555 461 1683 522 denarii
1700 462 1894 523 mansiona-

272 586 383 634 corum
395 572 557 645 ecclesiae3
571 569 660 631 aliud
673 568 713 628 ad
726 567 871 627 missam.
1106 557 1178 627 riis,
1198 562 1231 618 et
1253 558 1366 618 vinum
1388 558 1430 619 ad
1453 559 1564 635 polum
1577 555 1623 637 (ο)
1644 559 1723 620 ante
1743 557 1893 635 vigiliam

309 668 346 728 In
359 667 528 729 Dominica
545 667 652 744 prima
670 659 935 737 Quadragesimae
948 654 1056 717 eccle-
1107 652 1257 714 omnibus
1271 653 1412 724 clericis,
1425 654 1542 729 graecis
1554 655 1588 715 et
1598 653 1723 714 latinis.

271 763 320 823 sia
333 762 427 823 debet
438 762 564 823 condiri
579 781 587 822 a
603 762 637 822 et
653 759 794 836 quatuor
811 753 941 816 denarii
956 767 1054 813 man·
1147 751 1184 809 ln
1205 750 1321 825 vigilia
1341 750 1446 811 sancti
1468 750 1558 811 Petri
1578 750 1693 809 vinum
1715 749 1760 810 ad
1784 750 1894 825 potum

270 855 436 925 sionariis,
456 854 489 917 et
510 870 570 932 par
588 853 772 914 facularum
792 849 835 911 ad
853 847 1005 921 missam3
1023 845 1056 907 et
1107 844 1238 907 clericis
1250 846 1326 908 ante
1337 845 1665 921 vigiliamlnvigilia
1677 845 1789 907 sancti
1801 845 1894 906 Panh

269 950 401 1011 residua
412 951 489 1011 sunt
500 946 595 1027 de(p.
609 941 1053 1026 pr0)clericis,sideestcao-
1108 941 1269 1003 similiter.
1286 944 1323 1002 ln
1340 941 1457 1016 vigilia
1470 943 1657 1003 sanctorum
1676 942 1852 1002 Pancraiii
1866 943 1895 1002 et

269 1044 391 1121 lythus.
1107 1038 1261 1098 venantii
1283 1038 1477 1113 martyrum,
1501 1038 1689 1099 sancmrum
1713 1036 1894 1099 Rudnaeet

310 1142 521 1203 Abominica
533 1142 639 1218 prima
649 1138 796 1218 usquein
808 1137 957 1199 octavam
969 1135 1056 1194 Pen-
1109 1133 1441 1195 Secamdaesimiliter.

269 1236 409 1297 tecostes
422 1236 566 1313 quotidie
578 1236 697 1298 debent
708 1234 829 1295 habere
840 1228 1056 1292 mansionarii
1140 1232 1186 1290 ·ln
1207 1231 1438 1307 assumptione
1462 1228 1585 1291 sanctae
1608 1228 1724 1291 Mariae
1754 1228 1894 1292 ecclesia

271 1346 373 1391 unum
394 1324 444 1411 (a)
468 1332 567 1408 caput
588 1331 630 1393 de
653 1329 843 1392 communi:
863 1327 899 1388 in
921 1324 1056 1387 sabbato
1108 1325 1274 1401 conditum
1295 1328 1330 1389 et
1347 1326 1461 1386 vinum
1480 1327 1557 1387 ante
1574 1325 1723 1402 vigiliam
1738 1324 1893 1387 clericis:

270 1440 349 1487 raro
360 1441 420 1503 pro
432 1426 662 1488 emundatione
675 1423 823 1486 ecclesiae
837 1423 901 1483 tria
916 1421 1035 1497 capita.
1109 1422 1142 1483 et
1157 1438 1217 1483 sex
1228 1422 1321 1498 paria
1339 1421 1534 1491 facularum,
1553 1421 1587 1483 et
1604 1422 1745 1499 quatuor
1765 1421 1893 1483 denarii

309 1520 407 1581 Faria
420 1523 536 1597 quarta
548 1522 584 1581 in
594 1519 796 1583 hebdomada
809 1518 937 1596 quarta.
951 1531 1057 1592 quan·
1108 1518 1352 1579 mansionariis.

269 1614 311 1676 do
323 1615 435 1677 clerici
448 1616 574 1678 radunt
590 1633 664 1677 cum
683 1630 781 1676 cruce
799 1628 858 1691 per
869 1611 1056 1674 coemeteria
1148 1616 1186 1675 In
1216 1614 1332 1689 vigilia
1357 1611 1463 1675 sancti
1481 1612 1650 1674 Laurentii
1674 1612 1793 1674 vinum
1817 1614 1893 1675 ante

269 1711 311 1772 ad
324 1713 473 1772 sanctum
492 1711 632 1772 Paulum
647 1712 680 1771 et
697 1710 738 1771 ad
757 1710 903 1770 sanctam
915 1708 1058 1769 Anasta·
1109 1708 1268 1783 vigiliam.

270 1807 369 1875 siam,
391 1806 495 1868 totum
515 1806 618 1867 altare
642 1807 692 1867 est
715 1805 928 1870 clericorum,
953 1802 1056 1863 donec
1149 1806 1187 1864 ln
1204 1802 1426 1864 Decollatione
1445 1802 1550 1864 sancti
1567 1801 1729 1864 lobannis
1752 1800 1894 1865 acclama

270 1916 354 1962 crux
365 1901 532 1977 egreditur
544 1903 576 1964 et
588 1900 777 1978 deportatur
787 1921 795 1960 :
805 1900 872 1969 aut,
886 1900 915 1959 si
927 1898 1056 1959 clericis
1110 1899 1292 1968 condiatur,
1305 1900 1339 1960 et
1348 1899 1461 1960 vinum
1472 1898 1549 1959 ante
1560 1898 1718 1973 vigiliam.

269 1996 441 2073 placuerit,
464 2013 594 2074 panem,
614 1999 646 2059 et
663 1996 787 2064 vinum,
808 1996 841 2056 et
858 1995 965 2072 pisces
980 1993 1057 2054 inde
1149 1997 1187 2056 In
1218 1995 1425 2056 Exaltatione
1455 1995 1577 2055 sanctae
1609 1994 1722 2055 Crucis
1752 1993 1895 2055 acclama

270 2090 413 2154 habeant
424 2093 465 2153 ad
479 2091 525 2172 (b)
539 2108 676 2154 coenam.
1111 2090 1298 2165 condiatur;
1320 2092 1354 2153 et
1371 2106 1431 2167 par
1442 2090 1623 2151 facularum
1642 2089 1684 2150 ad
1702 2089 1853 2158 missam,
1865 2093 1897 2152 et

310 2189 529 2249 InDominica
550 2189 741 2249 Palmarum
760 2186 933 2249 condiatur
951 2185 1059 2246 eccle-
1111 2188 1251 2262 quatuor
1280 2187 1408 2248 denarii
1439 2184 1683 2253 mansionariis,
1715 2186 1749 2247 et
1780 2185 1895 2245 vinnm

270 2283 321 2345 sia
354 2305 362 2343 ε
383 2285 416 2344 et
438 2286 579 2360 quatuor
601 2283 729 2345 denarii
755 2281 999 2350 mansionariis,
1025 2279 1059 2343 et
1111 2282 1240 2343 clericis
1255 2304 1262 2342 ε
1277 2282 1361 2344 etab
1374 2282 1437 2344 ista
1449 2281 1625 2344 festivitate
1637 2281 1789 2357 usquein
1805 2282 1898 2341 octa·

270 2394 331 2456 par
345 2378 528 2439 facularum
541 2378 741 2439 admissam.
1110 2395 1185 2443 vam
1209 2379 1314 2441 sancti
1343 2378 1477 2439 Martini
1507 2377 1651 2454 quotidie
1677 2375 1896 2438 mansionarii

310 2477 347 2535 ln
360 2476 458 2536 Coena
478 2475 608 2535 bomini
629 2473 783 2534 similiter
800 2471 899 2534 etiam
918 2473 1059 2549 quatuor
1111 2476 1232 2538 habent
1245 2475 1310 2536 duo
1322 2474 1441 2551 capita.

271 2571 399 2631 denarii
407 2570 652 2638 mansionariis,
666 2569 699 2631 et
707 2584 808 2628 unum
820 2584 879 2644 pro
891 2567 1066 2644 ablutione,
1151 2576 1188 2633 ln
1201 2571 1418 2634 sollemnitate
1434 2571 1539 2632 sancti
1559 2569 1738 2632 salvatoris
1754 2570 1897 2632 ecclesia

271 2665 490 2742 ampullarum
504 2665 537 2726 et
548 2664 615 2725 alia
628 2664 879 2741 praeparatione.
1111 2668 1207 2729 debet
1213 2668 1340 2729 condiri
1350 2690 1358 2727 ι
1367 2669 1400 2729 et
1411 2683 1471 2728 sex
1484 2667 1578 2743 paria
1589 2666 1783 2735 facularum,
1794 2682 1897 2727 unum

311 2762 348 2821 In
362 2760 503 2821 Sabbata
516 2761 629 2821 sancto
642 2775 703 2836 par
714 2759 898 2820 facularum
917 2757 958 2819 ad
977 2758 1059 2820 mis-
1112 2764 1334 2832 cubictdariis,
1367 2763 1457 2824 aliud
1485 2762 1664 2839 acolythis3
1696 2763 1787 2823 aliud
1821 2764 1898 2824 ante

271 2871 360 2925 sam,
385 2858 418 2918 et
440 2857 587 2933 precium
611 2855 835 2917 mundationis
857 2854 1003 2932 paradisi
1026 2855 1060 2917 et
1111 2861 1230 2928 altare,
1244 2858 1332 2922 aliud
1357 2858 1393 2920 in
1416 2858 1570 2934 lectorio;
1584 2858 1674 2919 aliud
1691 2857 1897 2928 admissam,

272 2951 471 3022 chrismatis,
491 2953 525 3014 et
541 2951 687 3029 porticus
706 2950 828 3013 clausae
841 2971 850 3012 ε
864 2951 897 3013 et
918 2950 1058 3013 ecclesia
1112 2957 1202 3019 aliud
1214 2956 1360 3031 clericis3
1374 2957 1407 3017 et
1418 2954 1588 3016 duedecim
1604 2953 1733 3015 denarii
1752 2953 1897 3024 clericis,

272 3048 455 3111 condiatur.
1112 3055 1146 3116 et
1156 3055 1296 3131 quatuor
1307 3050 1558 3126 mansionariis3
1582 3052 1616 3112 et
1638 3065 1704 3111 una
1727 3049 1898 3126 aquaricia

311 3146 348 3205 In
367 3145 421 3207 die
440 3146 554 3208 sancto
573 3145 710 3207 Paschae
729 3160 790 3222 par
811 3143 994 3205 facularum
1016 3142 1057 3204 ad
1111 3149 1181 3211 vini
1203 3150 1281 3212 ante
1302 3148 1451 3223 vigiliam
1469 3168 1477 3207 ι
1498 3145 1531 3209 et
1553 3145 1665 3208 emnia
1689 3144 1824 3206 residua
1846 3144 1899 3206 ia·

270 3256 436 3317 vesperas.
457 3242 554 3303 Faria
574 3240 718 3303 secunda
734 3239 896 3301 similiter.
918 3238 1058 3301 sabbato
1112 3245 1261 3308 cularum
1284 3245 1325 3307 de
1338 3244 1433 3306 necte
1456 3243 1490 3305 et
1511 3241 1673 3304 demissa
1695 3242 1772 3303 sunt
1793 3241 1896 3303 cleri·

271 3335 306 3396 in
317 3335 409 3397 Albis
421 3335 517 3399 debet
528 3337 656 3398 condiri
668 3335 829 3411 ecclesia3
850 3336 884 3397 et
893 3350 955 3411 par
965 3334 1060 3395 lacu·
1112 3357 1237 3410 corum,
1261 3339 1587 3417 siacolythidesunt

272 3431 378 3493 larum
391 3433 431 3494 ad
444 3433 597 3508 Missam
611 3433 644 3494 et
655 3430 795 3510 quatuor
815 3431 943 3493 denarii
959 3446 1057 3492 man·
1152 3440 1216 3499 Per
1238 3437 1341 3499 totum
1365 3451 1486 3496 annum
1509 3433 1604 3496 debet
1621 3432 1899 3495 babereecclesia

271 3528 437 3589 sionariis.
1111 3534 1153 3596 de
1164 3533 1338 3596 medietate
1349 3531 1475 3600 altaris,
1488 3530 1642 3592 videlicet
1657 3529 1899 3606 episcoporum,

309 3624 347 3683 In
370 3623 500 3685 Litania
523 3624 659 3702 majori.
684 3623 788 3684 donec
810 3637 893 3683 crux
914 3621 1005 3684 vadit
1026 3623 1060 3684 et
1112 3630 1220 3692 oleum
1232 3626 1755 3708 quotidiead151ampades,una
1774 3625 1817 3686 ad
1836 3625 1900 3685 ab·

270 3715 367 3783 redit,
380 3716 485 3777 totum
496 3718 602 3778 altare
614 3718 657 3778 sit
669 3716 875 3785 clericorum,
895 3715 982 3777 unde
1000 3716 1059 3778 de-
1112 3725 1228 3796 sidam,
1252 3730 1272 3787 7
1295 3725 1371 3787 ante
1394 3724 1510 3793 altare,
1534 3738 1600 3784 una
1631 3722 1707 3783 ante
1738 3720 1900 3797 grandem

269 3808 349 3873 beni
370 3810 493 3873 habere
515 3813 622 3889 pisces
645 3810 730 3872 seria
751 3810 861 3880 tertia,
885 3825 1004 3888 panem
1026 3812 1060 3874 et
1111 3822 1288 3898 imaginem
1306 3836 1407 3898 super
1426 3821 1596 3882 columnas
1613 3832 1730 3886 aereas,
1754 3817 1901 3894 quinque

270 3905 395 3976 linum.
409 3908 670 3971 oraetcaseum.
1111 3918 1260 3986 inorata,
1275 3931 1341 3977 una
1353 3916 1430 3978 ante
1441 3915 1619 3991 imaginem
1632 3913 1754 3975 sanctae
1768 3912 1899 3981 Mariae,

310 4012 348 4071 ln
359 4010 494 4074 sabbato
513 4012 627 4074 sancto
639 4011 849 4074 Pentecostcs
860 4010 1060 4089 pariacnla-
1111 4030 1184 4092 quac
1197 4014 1247 4076 est
1258 4027 1358 4090 super
1371 4012 1589 4087 horologium
1612 4010 1652 4071 nt
1670 4009 1763 4070 iunes
1783 4009 1826 4069 ad
1838 4024 1902 4085 ap-

270 4122 344 4166 rum
362 4106 405 4168 ad
431 4107 582 4182 missam3
608 4107 642 4169 et
659 4123 761 4168 unum
781 4107 952 4168 denarium
977 4108 1056 4179 illis,
1110 4111 1318 4189 pendendum
1331 4108 1498 4177 candelas,
1510 4108 1544 4169 et
1559 4105 1780 4168 tintinnabula
1792 4119 1900 4173 aenea,

270 4200 326 4276 qui
348 4200 447 4262 fiores
466 4217 566 4277 super
584 4202 752 4263 dominum
771 4205 895 4280 Papam
907 4204 1055 4280 jactant:
1111 4207 1321 4271 etolibanum
1341 4205 1486 4284 quotidie
1504 4204 1546 4267 ad
1565 4203 1697 4272 missas,
1709 4201 1791 4264 etin
1804 4200 1901 4281 nocte

185 4350 191 4357 .
270 4298 303 4358 at
314 4297 455 4358 ecclesia
467 4296 640 4359 condiatur
651 4314 742 4360 more
755 4298 863 4360 solito.
1111 4303 1264 4366 candelas
1285 4303 1327 4365 ad
1345 4302 1502 4364 lectiones
1515 4301 1548 4362 et
1560 4300 1705 4377 psalmos
1723 4298 1758 4359 et
1779 4312 1904 4360 accen-

309 4403 346 4462 In
371 4401 552 4464 Nativitate
574 4403 680 4466 sancti
711 4403 873 4465 iohannis
901 4402 1057 4479 Baptistae
1110 4399 1234 4462 dandas
1246 4398 1413 4475 lampades
1431 4395 1490 4475 et(
1514 4393 1901 4475 ')quaerendumeccle-

268 4497 408 4560 ecclesia
427 4499 655 4580 principaliter
674 4498 863 4575 condiatur;
885 4498 918 4562 et
933 4498 1058 4560 duode-
1110 4496 1194 4557 siam
1206 4494 1415 4556 sufficienter.
1429 4492 1514 4554 Etin
1526 4490 1678 4553 omnibus
1690 4488 1899 4557 stationibus,

269 4594 334 4655 cim
352 4595 492 4664 denarii,
512 4598 546 4658 et
567 4612 635 4657 una
653 4596 738 4657 libra
758 4595 892 4665 olibani,
912 4596 946 4656 et
956 4611 1057 4657 unum
1110 4591 1240 4669 quando
1258 4590 1410 4653 dominus
1430 4593 1521 4666 Papa
1538 4586 1709 4649 descendit
1730 4584 1901 4646 celebrare

269 4688 412 4750 rotulum
424 4689 465 4750 de
477 4691 582 4751 cereis
595 4691 729 4759 Graecis,
740 4691 774 4752 et
785 4692 823 4752 18
834 4691 963 4751 denarii
976 4706 1058 4752 can-
1109 4689 1255 4756 missam,
1269 4685 1535 4748 subministratur
1555 4683 1596 4744 de
1615 4682 1713 4745 altari
1728 4681 1846 4742 vinum
1857 4679 1901 4740 ad

271 4783 405 4851 toribus,
425 4784 458 4844 et
476 4799 543 4844 una
562 4784 734 4861 aquaricia
752 4784 817 4845 elei
834 4785 875 4844 ad
894 4785 1011 4854 sontes,
1024 4789 1058 4849 et
1110 4775 1903 4845 sacrificiumetcommunicandum:ettuncobla
1983 4786 1984 4805 ³

269 4877 393 4953 septem
416 4879 511 4954 paria
534 4877 735 4946 facularum,
761 4880 795 4940 et
816 4894 916 4940 unam
938 4880 1056 4943 libram
1109 4879 1155 4941 tio
1163 4879 1277 4940 altaris
1289 4877 1430 4954 desuper
1443 4875 1703 4942 cstscholarum,
1716 4873 1749 4934 et
1759 4871 1902 4934 inferius
1983 4874 1984 4907 ³

270 4972 444 5049 propani,
469 4987 571 5033 unum
595 4972 776 5050 acolythis,
800 4972 891 5034 aliud
914 4977 1055 5047 Graecis,
1109 4968 1655 5048 clericorumecclesiae.0mnes(d)
1669 4969 1819 5037 cinturae,
1832 4967 1901 5028 tam
1983 5028 1984 5055 ;

269 5067 360 5128 aliud
384 5068 460 5129 ante
483 5067 587 5130 altare
609 5068 652 5129 ad
674 5068 799 5138 tontes,
823 5068 890 5130 alia
912 5086 991 5132 vero
1014 5073 1056 5135 ad
1109 5071 1236 5141 altaris,
1262 5086 1359 5149 quam
1381 5068 1575 5144 imaginum,
1599 5064 1795 5127 clericorum
1810 5063 1899 5123 sunt.

267 5212 347 5341 ”ff
359 5215 466 5355 111),ῗὲἶῖ
466 5213 587 5340 {fflm
600 5227 697 5287 supra,
707 5213 767 5272 tria
780 5228 814 5271 cc
824 5213 896 5285 pitu,
917 5220 974 5275 tres
995 5232 1055 5275 mo·
1109 5218 1218 5346 glitten,
1235 5214 1311 5290 qued
1324 5213 1444 5273 cenula
1457 5220 1561 5271 dodra
1574 5208 1715 5284 quoddam
1729 5206 1898 5281 praeludium
1983 5222 1984 5225 ¹

304 5352 503 5427 (billiccoena
524 5358 710 5409 vacaarruna
736 5350 1002 5426 transactisque
1026 5356 1056 5413 in
1146 5331 1188 5430 (d)
1208 5357 1252 5414 An
1270 5351 1426 5412 cinctura?
1444 5366 1495 5426 pro
1515 5350 1570 5409 illis
1588 5345 1773 5418 emanantis,
1795 5344 1900 5418 quibus

267 5421 491 5505 Quadragesima
503 5419 647 5503 sumenda·
656 5427 718 5478 erat
731 5418 767 5477 ad
777 5422 943 5503 vesperam.
1109 5427 1228 5501 cingunt
1239 5425 1390 5498 imagines.

304 5492 341 5568 (c)
362 5493 408 5551 Sic
420 5506 449 5549 m
460 5490 558 5562 riphe
571 5503 678 5551 casem
691 5489 773 5547 datur
787 5505 883 5546 vinnm
894 5499 962 5550 ante
979 5493 1053 5554 viat·
