3936 6192
110 269 174 333 309
633 268 791 343 QUINTA
817 271 1081 332 COMPILATIO.
1104 270 1183 330 LlB.
1206 269 1263 330 ΙΙΙ.
1718 269 1777 331 310

112 428 247 506 netam3
262 428 312 492 ita
324 429 410 507 quod
422 429 589 492 distractis
602 430 738 509 propter
749 430 813 492 hoc
823 429 925 492 mohi-
977 429 1057 492 belli
1079 430 1229 510 quiedam
1250 429 1395 509 capitula
1416 428 1512 491 nabis
1533 427 1658 490 inerint
1681 442 1773 505 prae-

111 527 202 589 libus
210 528 247 591 et
254 527 492 601 immobilibus,
500 528 535 590 in
544 544 618 591 eam
627 544 743 591 cruces
752 528 921 601 Ecclesiae,
978 529 1119 602 sectata,
1136 546 1209 607 quae
1226 529 1268 591 ad
1283 528 1513 606 castigandum
1530 525 1776 602 transgressio-

111 640 175 687 nec
182 640 255 686 nan
264 625 399 697 calices,
409 626 443 688 et
452 625 519 687 alia
529 641 611 687 vasa
620 642 716 689 sacra
725 626 921 691 conflarent.
978 643 1038 689 nes
1049 628 1249 707 multiplices
1264 627 1297 689 et
1308 643 1478 702 excessus,
1494 642 1576 704 quos
1591 625 1627 686 in
1642 622 1774 702 quibus·

114 724 296 799 Quumque
310 721 417 800 ipsius
435 721 500 785 laci
519 722 674 784 monachi
689 738 733 785 ex
751 723 920 785 tantorum
978 725 1053 787 dam
1086 724 1246 787 caenobiis
1278 725 1453 787 invenerat
1483 722 1681 786 videbantur
1711 735 1772 799 pra

112 818 299 882 criminum
334 820 538 883 conscientia
568 820 831 898 indignationem
867 838 924 884 re-
977 824 1085 886 salute
1105 824 1139 889 et
1159 823 1332 886 honestate
1352 825 1465 886 vestra
1483 820 1695 885 landabiliter
1708 818 1773 883 sta·

112 917 220 993 giam,
251 918 290 980 et
316 918 466 997 ejusdem
490 918 638 996 episcopi
663 919 847 982 metuentes
880 918 922 981 ab
976 922 1110 995 tuenda,
1120 938 1181 984 nas
1192 938 1232 983 ea
1242 921 1429 983 examinari
1440 920 1605 996 etcorrigi
1620 919 1770 990 fecimus,

65 1010 68 1019 ⁴
113 1014 232 1077 eadem
242 1015 389 1078 ecclesia
402 1016 647 1093 migravissent,
662 1017 694 1079 et
709 1016 923 1094 deregulari-
976 1020 1010 1082 et
1028 1019 1251 1098 praecipimus,
1266 1020 1303 1082 ut
1315 1018 1556 1082 inviolabiliter
1576 1015 1771 1089 observetis,

112 1112 173 1174 bus
195 1113 229 1175 ei
247 1129 320 1177 nan
336 1114 441 1192 possit
457 1114 609 1192 personis
624 1114 795 1178 commode
807 1115 923 1195 provi·
976 1134 1050 1196 quae
1065 1118 1185 1194 sigillis
1197 1134 1271 1180 ven.
1286 1117 1309 1179 i.
1326 1134 1359 1179 n.
1375 1120 1416 1179 H.
1431 1116 1604 1189 Ostiensis,
1621 1116 1654 1178 et
1671 1115 1713 1193 (a)
1726 1115 1770 1176 N.

111 1209 197 1281 deri,
225 1210 407 1290 episcopus
428 1213 499 1291 ipse
521 1230 596 1275 cum
615 1211 711 1275 heato
734 1215 920 1291 Augustino
975 1216 1233 1279 Tusculanensis
1246 1217 1476 1294 episcoporum
1491 1214 1615 1276 muniri
1632 1212 1772 1275 lecimus

110 1312 923 1389 alattdasbaberenaaiuit,attaiiaiiaariaasdepta-
975 1314 1017 1377 ad
1032 1316 1207 1378 cantelam.
1223 1314 1272 1376 Ad
1294 1315 1367 1377 baec
1380 1315 1545 1386 volumus,
1562 1313 1595 1375 et
1617 1326 1771 1390 praesen-

111 1421 209 1471 rare.
228 1408 329 1470 Unde
353 1408 546 1486 praedictam
575 1409 751 1472 ecclesiam
769 1411 920 1489 personis
973 1413 1057 1476 tium
1073 1414 1270 1477 auctoritate
1292 1413 1516 1492 praecipimus,
1532 1414 1569 1475 ut
1581 1409 1771 1490 visitatores

113 1519 270 1579 vacuam,
286 1507 320 1568 at
335 1504 549 1569 facultatibus
563 1507 740 1585 spoliatam
753 1511 800 1589 (a)
813 1507 854 1570 de
866 1524 921 1570 se-
974 1511 1017 1573 ad
1037 1512 1194 1589 generale
1216 1511 1396 1591 capitulum
1418 1510 1600 1574 convocent
1620 1507 1769 1581 abbates,

116 1601 292 1664 sularibus
306 1600 349 1681 (1)
359 1603 455 1667 duxit
466 1604 637 1667 canonicis
648 1605 877 1680 ordinandam,
887 1607 920 1668 ta
974 1612 1007 1673 et
1029 1609 1158 1689 priores
1178 1627 1245 1672 non
1266 1610 1427 1673 babentes
1450 1608 1586 1671 abbates
1605 1605 1769 1684 proprios,

115 1699 207 1761 iilic.
222 1704 325 1780 cujus
337 1702 509 1780 expertam
521 1701 664 1766 babebat
675 1702 918 1766 industriamin
973 1707 1041 1770 tam
1064 1709 1246 1786 exemptas,
1263 1724 1362 1786 quam
1383 1723 1450 1769 non
1472 1706 1642 1783 exemptos
1666 1706 1769 1766 Lam-

113 1796 222 1875 ipsius
257 1800 477 1878 praepositum
512 1799 677 1867 instituta.
711 1803 781 1864 Nos
815 1802 919 1879 igitur
972 1804 1098 1869 bardiae
1116 1809 1151 1869 et
1160 1789 1334 1882 Marabina,
1357 1805 1414 1883 qui
1437 1820 1504 1866 non
1526 1799 1771 1865 consueverunt

114 1895 204 1972 regis
238 1896 369 1974 ipsias,
399 1899 433 1960 et
461 1898 652 1960 eorumdem
680 1899 848 1978 episcopi,
885 1902 918 1963 et
972 1904 1162 1982 hujusmodi
1170 1903 1351 1983 capitulum
1360 1899 1770 1979 celebrarezprovidentes

114 1992 270 2069 capituli,
286 2009 325 2056 aa
336 1994 458 2057 vestris
470 1993 624 2073 precibus
644 1995 809 2068 inclinati,
830 1996 916 2075 quod
971 2003 1055 2064 utin
1067 2003 1140 2081 ipsa
1155 2002 1300 2080 capitula
1312 2000 1473 2079 generali,
1490 1999 1651 2062 canonica
1663 1998 1771 2076 impe-

114 2086 155 2150 ab
167 2090 292 2152 eodem
303 2091 459 2170 episcopa
471 2091 595 2155 iactum
608 2093 660 2157 esi
676 2110 776 2172 super
788 2094 852 2157 bac
866 2110 919 2157 ra·
972 2099 1117 2163 dimonte
1130 2100 1272 2171 sublato,
1286 2115 1344 2161 eos
1364 2098 1420 2176 qui
1442 2095 1700 2175 contempserint
1715 2093 1770 2157 vel

112 2185 181 2249 tum
198 2187 377 2263 habentes,
401 2186 646 2254 ordinationem
667 2192 818 2254 eamdem
837 2207 919 2253 auc·
972 2198 1182 2273 neglexerint
1215 2196 1409 2269 convenire,
1438 2195 1567 2258 sublata
1593 2191 1771 2271 cujuslibet

112 2283 249 2348 tentate
262 2287 452 2365 Apostolica
465 2288 711 2362 confirmamus,
726 2290 919 2367 etpraesen-
973 2294 1244 2357 contradictionis
1273 2295 1307 2357 et
1333 2291 1568 2371 appellationis
1598 2288 1769 2352 obstaculo

110 2381 153 2442 tis
165 2384 292 2462 scripti
304 2384 490 2462 patrocinia
502 2385 747 2448 commuuimus
761 2384 816 2461 (2).
972 2392 1198 2455 ecclesiastiea
1215 2407 1357 2455 censura
1374 2389 1584 2468 compellant,
1605 2387 1639 2451 ei
1663 2401 1768 2466 usque

109 2517 312 2591 abbatibus,
332 2518 367 2579 ei
387 2522 565 2582 atanaclals
584 2522 623 2580 gn
645 2522 852 2583 mmmmm
871 2518 916 2598 (1,)
972 2490 1014 2553 ad
1042 2490 1302 2553 satisfactionem
1328 2489 1526 2565 condignam
1555 2486 1766 2558 sententiam,

169 2613 207 2676 et
220 2616 384 2679 Maronia
399 2619 579 2679 Tempsam,
592 2613 854 2696 &mmmmm
971 2604 1070 2667 quam
1097 2589 1133 2651 in
1158 2604 1215 2650 aas
1238 2588 1303 2650 rite
1334 2587 1472 2650 tulerint
1503 2602 1569 2648 nan
1595 2584 1764 2653 relaxent,

970 2686 1085 2749 eadem
1120 2702 1261 2749 censura
1294 2685 1439 2758 facturi,
1476 2701 1550 2762 quaa
1582 2684 1618 2746 in
1650 2682 1766 2745 eadem

407 2766 544 2828 CAPUT
569 2768 624 2829 IV·
969 2783 1114 2862 capitula
1135 2783 1373 2847 deliberatione
1391 2783 1530 2861 provida
1554 2781 1679 2844 luerint
1705 2795 1764 2843 or-

150 2890 196 2949 ca
209 2903 288 2966 quae
302 2903 362 2966 pro
376 2887 551 2965 religionis
573 2889 748 2952 honestate
771 2906 811 2953 ae
829 2891 914 2953 roli-
968 2883 1082 2945 dinata
1107 2883 1248 2946 tirmiter
1281 2882 1470 2954 observari,
1498 2879 1662 2944 reddituri
1696 2881 1765 2941 tam

113 2985 284 3060 giosorum
307 2986 414 3049 salute
437 2987 574 3064 provide
588 2987 788 3050 ordinantur
805 2991 914 3066 Apos-
976 2981 1040 3059 ipsi
1062 2997 1162 3059 quam
1182 2980 1384 3049 visitatores,
1418 2982 1451 3043 et
1480 2978 1540 3041 alii
1570 2979 1670 3056 juxta
1702 2992 1764 3038 cu-

113 3083 209 3145 tolica
228 3084 309 3146 sunt
326 3083 509 3146 munimina
529 3083 729 3160 roboranda,
746 3089 784 3149 ut
798 3086 911 3151 susci·
963 3078 1102 3157 juslibet
1112 3078 1334 3141 ministerium
1356 3078 1507 3150 Domino,
1521 3076 1556 3138 in
1573 3079 1669 3154 cuius
1684 3089 1766 3136 ⁰0¹1·

115 3179 246 3256 piantur
254 3181 418 3255 devotius,
427 3182 460 3244 et
469 3181 664 3258 diligentius
680 3184 911 3259 observentur.
968 3178 1082 3254 spectu
1093 3177 1183 3239 nuda
1197 3179 1274 3240 sunt
1288 3176 1401 3237 amnia
1412 3177 1446 3237 et
1459 3174 1585 3251 aperta,
1602 3174 1638 3235 in
1652 3172 1766 3234 extre-

116 3279 217 3350 Quum
239 3294 322 3357 ergo
345 3278 515 3358 perditi.
533 3276 748 3362 (manhatum
767 3282 912 3345 Montis-
968 3289 1021 3336 ma
1034 3275 1189 3337 examine
1210 3274 1385 3345 rationem,
1402 3272 1431 3334 si
1448 3284 1579 3334 amnem
1601 3269 1765 3331 sollicitu-

116 3445 176 3502 lalsi
190 3454 313 3518 tenetur,
335 3453 363 3506 ct
386 3447 461 3531 legis
481 3447 619 3506 corneliae
637 3448 806 3507 nummaria
821 3447 914 3520 penis
1004 3440 1042 3515 (b)
1062 3439 1225 3518 Attalica,
1238 3443 1264 3497 ei
1277 3439 1421 3496 monacbis
1440 3438 1471 3495 in
1483 3436 1666 3494 lombardia.
1688 3436 1763 3519 lina

119 3515 256 3588 subjacet,
278 3533 333 3591 qua
361 3525 517 3592 pumuntur
538 3520 586 3592 aui
610 3520 640 3575 in
664 3520 782 3593 privatis
804 3518 913 3576 aedibus
967 3510 1145 3569 Lambardiae
1162 3518 1243 3580 aunt3
1258 3525 1314 3568 una
1335 3511 1376 3567 ais
1398 3510 1518 3578 Padum,
1543 3507 1763 3565 lombardiam

120 3586 147 3643 id
166 3602 180 3644 a
222 3596 252 3647 nt
271 3590 292 3647 l.
313 3589 341 3655 3,
357 3604 382 3647 a.
401 3589 435 3646 de
455 3591 534 3661 salsa
548 3593 649 3647 monet.
672 3591 836 3659 Cassianus,
851 3590 911 3647 eol.
965 3583 1080 3654 paadal
1094 3583 1144 3651 Po,
1157 3583 1225 3639 olim
1235 3582 1349 3639 AEmilia
1365 3582 1454 3639 Paulo
1468 3578 1657 3648 diaconalib.
1675 3580 1717 3649 ll;
1731 3577 1762 3636 ln

119 3657 164 3715 lat.
203 3674 297 3733 ‚cap
324 3660 369 3718 ΙΙ.
389 3662 537 3734 Tanquam
557 3661 714 3718 adulterina
738 3662 912 3719 nomismata
965 3668 1001 3713 aa
1015 3654 1171 3721 Placentia,
1183 3655 1296 3723 Parma,
1314 3653 1446 3726 Regium,
1462 3652 1601 3720 Bononia
1616 3658 1645 3707 at
1657 3652 1763 3709 Forum

120 3734 147 3783 et
159 3729 394 3801 paracharaxima
408 3731 605 3805 reprobamus,
619 3739 718 3804 utpote
732 3747 796 3805 quae
809 3731 910 3790 falsam
965 3725 1095 3784 Cornelii.
1112 3726 1175 3783 Alia
1190 3733 1269 3782 trans
1292 3724 1412 3795 Padum,
1434 3724 1503 3781 olim
1520 3722 1660 3790 insubria,
1676 3723 1759 3778 lam·

121 3798 269 3872 imaginem
287 3802 364 3875 regis
379 3816 437 3859 nan
451 3802 580 3885 legitime
594 3803 739 3875 signatam
753 3804 908 3860 contineat.
964 3797 1065 3852 cardia
1077 3796 1107 3851 di
1123 3798 1152 3853 ia
1166 3797 1215 3854 dai
1225 3798 1274 3866 Pa,
1290 3811 1354 3868 quta
1367 3796 1455 3853 bodie
1467 3795 1580 3869 proprie
1590 3791 1762 3853 Lambnrdia

121 3868 184 3926 luda
200 3870 263 3929 ialsi
288 3873 440 3930 monetarii
464 3872 597 3930 dicuntur
618 3874 819 3939 παραχάρακται,
834 3873 910 3946 apud
964 3874 1109 3925 vocatura
1125 3867 1323 3941 Langobardis
1337 3869 1385 3941 qui
1396 3868 1436 3925 ibi
1449 3874 1593 3938 sceptrum
1608 3870 1762 3921 tenuerunt

121 3939 236 3999 Suidam.
263 3943 442 4012 Quibusdam
468 3944 599 4002 ecclesiis
617 3941 669 4000 luit
684 3958 823 4002 concessa
845 3960 906 4002 ma·
964 3940 1049 3996 annis
1065 3938 1175 3997 duabus
1194 3955 1230 3996 su
1249 3954 1280 3997 ra
1301 3939 1450 4007 ducentas,
1466 3941 1518 3995 snb
1538 3937 1572 3995 ΙΙ
1589 3933 1715 4010 regibus,
1733 3940 1761 3991 et

121 4017 187 4067 nette
206 4013 304 4083 ousia,
330 4019 362 4072 ut
388 4013 424 4071 de
450 4014 636 4088 lugdunensi
661 4014 782 4072 ecclesia
811 4015 909 4073 scribit
962 4010 1072 4067 raviam
1089 4009 1175 4067 suxere
1186 4025 1216 4065 se
1238 4025 1283 4066 eni
1296 4011 1401 4094 Papiae,
1416 4024 1468 4066 san
1480 4008 1580 4064 Ticini.
1714 4075 1748 4087 ..

122 4079 264 4154 severtius,
288 4083 323 4141 uo
343 4098 410 4141 auu.
432 4085 511 4153 isos,
533 4086 561 4142 iu
586 4085 736 4143 auiiieime
754 4086 787 4155 a,
807 4094 836 4143 et
855 4101 909 4145 uus
995 4054 1034 4152 b)
1053 4081 1092 4137 m
1109 4082 1241 4140 narratu
1262 4081 1422 4137 ruricius.
1445 4079 1616 4145 Tarvisium,
1637 4076 1760 4158 aaut,

121 4163 197 4232 supra
223 4154 349 4213 dixirim
376 4153 412 4213 de
439 4155 541 4214 abbate
561 4157 589 4214 S.
609 4157 762 4231 Augustini
782 4158 905 4216 cantua-
962 4150 991 4207 in
1006 4166 1061 4223 qua
1085 4159 1116 4209 ut
1130 4152 1258 4209 omnium
1278 4152 1367 4209 ltalia
1384 4150 1496 4207 urbium
1518 4148 1715 4220 antiquissima
1731 4154 1760 4203 et

121 4223 221 4282 irensis.
962 4220 1138 4280 nobilissima
1172 4220 1354 4294 Langobardi
1391 4219 1491 4277 sedem
1525 4218 1758 4285 Marabianatus,

156 4293 196 4421 (ag
214 4297 254 4353 lle
275 4297 460 4355 secularitas.
484 4299 603 4370 Propter
626 4312 721 4355 mares
745 4305 905 4370 corruptos,
961 4291 1036 4419 fland
1051 4307 1149 4348 eorum
1165 4293 1263 4365 lingua
1277 4299 1444 4363 perpetuum
1459 4291 1660 4363 magistratum
1672 4288 1761 4359 signi-

122 4371 163 4443 aat
197 4367 266 4424 ivini
286 4368 380 4425 cultus
400 4366 581 4442 dispendium
603 4370 752 4441 regulares
775 4371 907 4426 ecciesiae
981 4370 1036 4430 cat,
1049 4360 1362 4435 posueruntfflnctota
1374 4359 1758 4433 regiallnrcliiaappcllata,

121 4445 146 4488 tu
174 4440 329 4496 secularem
361 4446 466 4496 statum
499 4446 704 4496 convertuntur
738 4441 907 4496 auctoritato
937 4434 989 4489 ¹in
1009 4449 1064 4505 qna
1084 4434 1153 4490 olim
1174 4448 1235 4501 seii,
1264 4447 1340 4489 nunc
1365 4439 1486 4503 quatuor
1510 4431 1640 4503 insignes
1661 4427 1757 4499 urbes,

122 4503 285 4578 Apostolica,
312 4517 342 4566 et
369 4509 444 4581 quad
472 4509 520 4567 hic
544 4508 730 4569 cenadiensis
754 4510 907 4581 episcopus
937 4504 1115 4576 ¹municipia
1132 4501 1583 4585 iiobiliamulta,atcastellanon
1598 4501 1713 4626 exigua.

124 4571 217 4634 lacera
228 4580 332 4638 nullius
342 4588 404 4638 erat
416 4581 564 4649 momenti,
581 4581 635 4637 nisi
647 4580 682 4637 ab
697 4581 823 4638 Honorio
835 4580 903 4636 iuis·
997 4573 1039 4647 (d)
1072 4574 1141 4631 All.
1168 4573 1346 4631 Mantisbelb.
1380 4571 1554 4628 lionsbeilus
1585 4571 1646 4628 cele
1666 4582 1697 4624 ra
1728 4574 1758 4626 et

123 4652 160 4724 ‚⁸⁰¹
178 4651 387 4719 coaitrmatum,
409 4652 486 4709 nulla
510 4653 597 4709 etiam
621 4650 692 4708 laisa
716 4652 905 4724 suggestione
960 4644 1041 4703 dives
1063 4652 1189 4703 castrum
1209 4645 1237 4700 in
1261 4642 1387 4701 Marobia
1410 4643 1556 4701 Tarvisina
1579 4642 1755 4724 propeliste.

123 4722 324 4790 iabrvaniante,
347 4723 474 4795 alioquin
498 4720 582 4779 iacile
606 4729 797 4791 revocaretur,
817 4729 849 4780 ut
870 4722 905 4779 ab
996 4716 1033 4788 (a)
1048 4718 1086 4774 N.
1105 4717 1307 4781 Tusculanam.
1332 4715 1492 4780 Nicolaum,
1517 4730 1532 4772 a
1553 4715 1706 4773 ciaccania
1722 4713 1756 4770 dc

124 4786 273 4872 innocentio
295 4795 349 4861 ΙΙΙ,
370 4794 399 4849 in
421 4807 508 4850 causa
528 4795 749 4852 conventrensis
764 4793 903 4864 ecclesiae,
958 4787 1093 4845 Raatcais
1107 4789 1341 4861 cognominatum
1358 4787 1450 4844 civem
1473 4787 1643 4854 itomanam,
1660 4783 1754 4841 cardi·

124 4869 178 4926 aue
188 4875 215 4916 ιιι
224 4863 371 4935 pristinum
383 4871 488 4920 statum
501 4865 666 4933 restituitur,
680 4864 734 4921 atsi
747 4865 905 4924 cestrensis
959 4860 1054 4916 nalem
1066 4867 1193 4916 creatum
1207 4859 1242 4915 ab
1258 4859 1425 4916 innocentio
1445 4859 1495 4925 ΙΙΙ,
1519 4872 1595 4915 anna
1617 4856 1696 4925 1205,
1712 4856 1753 4912 le·

124 4927 257 5056 episeopus
270 4949 286 4992 a
299 4934 493 5008 Clementeilll
505 4934 535 4991 id
545 4935 735 5008 impctrasset,
745 4935 828 5009 epist.
840 4935 902 5006 ΙΙ3,
959 4939 1057 5002 gutum
1073 4930 1109 4988 ab
1123 4930 1225 4987 eodeni
1246 4930 1274 4985 in
1297 4930 1432 5002 Augiiam
1454 4929 1490 4987 ad
1509 4943 1631 5003 regnum
1651 4942 1753 4985 recon-

124 4994 164 5053 li.
192 5044 198 5058 .
936 5026 938 5037 ‹
958 5001 1123 5071 ailiandum,
1147 5008 1176 5058 et
1190 5000 1355 5083 deputatum
1371 5001 1406 5058 ab
1430 5002 1557 5059 llanario
1576 5007 1673 5057 nostro
1688 5013 1754 5055 oum

154 5067 188 5141 (l)
202 5075 237 5132 la
256 5074 473 5134 sicularisatian
500 5075 661 5150 appartient
683 5091 720 5132 au
746 5076 904 5143 souverain
958 5072 986 5130 S.
999 5074 1159 5140 camiaico,
1180 5080 1211 5128 nt
1224 5087 1252 5128 in
1267 5086 1355 5129 unum
1371 5073 1465 5129 laeum
1482 5077 1674 5146 congregaret
1686 5071 1751 5127 reli-

124 5135 463 5205 Pantileexclaaivement.
480 5146 521 5207 ci.
538 5147 680 5221 syllabas,
695 5148 779 5220 Prap.
795 5149 841 5206 tta.
957 5144 1056 5271 gissus
1079 5158 1224 5211 romanas,
1247 5158 1311 5215 ouae
1330 5143 1360 5200 in
1385 5142 1506 5201 diversis
1527 5143 1604 5200 urbis
1627 5140 1754 5214 partibus

155 5210 180 5283 (Ι
200 5216 708 5276 Lalubricationdeianssemannaie
724 5225 768 5275 cst
785 5218 903 5293 irappce
977 5216 1094 5287 ispersae
1113 5222 1203 5282 erant,
1219 5220 1250 5271 ut
1264 5212 1375 5271 facilius
1394 5215 1607 5277 instruerentur,
1631 5219 1659 5268 et
1682 5225 1751 5267 can·

125 5275 156 5333 de
178 5213 466 5346 iaxcommunicatian
488 5288 620 5347 reserves
646 5303 683 5345 au
708 5290 851 5347 Sciat-Siti
873 5306 901 5360 e,
957 5287 1020 5343 silla
1053 5286 1208 5358 spiritualia
1244 5286 1418 5359 reciperent,
1446 5292 1560 5342 auctore
1577 5280 1753 5366 .S.⁰l³l³¹¹.¹¹¹.⁰

126 5348 198 5434 Exir-
218 5359 296 5418 ioan.
310 5359 403 5428 xxii,
424 5360 562 5417 Prodicus
588 5360 613 5427 Ι,
628 5358 662 5415 de
682 5307 901 5432 criminesaffsi.
957 5358 1038 5416 Bazzi
1061 5358 1091 5415 ia
1114 5357 1163 5415 lib.
1187 5357 1221 5413 de
1243 5357 1289 5413 SS.
1312 5357 1423 5413 ordinis
1445 5357 1473 5413 S.
1490 5357 1651 5437 'Dominari
1676 5353 1753 5435 Vixit

126 5416 384 5487 baislarcservene
412 5431 544 5488 araissait
561 5429 900 5502 pnsavoirctauieiute·
957 5436 1067 5486 tantum
1085 5443 1177 5502 usque
1196 5426 1232 5486 ad
1252 5442 1359 5485 anuum
1381 5427 1398 5485 4
1419 5426 1600 5499 pontificatus
1632 5424 1753 5481 Honoru

49 5568 54 5579 ⁸
127 5444 586 5575 taed'apresaaintlfiguaribiv.
601 5503 707 5570 Vita.
727 5502 902 5572 illimet
956 5501 1056 5558 nostri.
1401 5568 1407 5579 .
1717 5565 1751 5579 ..

127 5571 157 5617 ΙΙ
172 5574 304 5645 ¹tetrauve
326 5586 378 5645 pas
397 5570 469 5631 dans
484 5573 512 5630 la
529 5574 716 5633 constitution
735 5574 903 5647 Apostolica
992 5570 1134 5631 Honorius
1149 5571 1177 5627 ia
1193 5568 1249 5628 bac
1260 5584 1324 5641 cap.
1350 5567 1421 5625 tollit
1437 5565 1557 5624 abusum
1576 5579 1633 5637 qua
1657 5564 1752 5624 clerici

127 5628 231 5696 idean
246 5643 278 5701 ir
301 5650 355 5702 act.
372 5643 449 5702 itit.
956 5643 1100 5701 seculares
1133 5640 1169 5698 ad
1193 5639 1366 5713 prebendas
1383 5635 1588 5695 inonacbarum
1617 5635 1751 5698 admitte·
