3960 6188
230 307 293 367 cca
697 305 874 371 aenean
895 307 941 370 m
962 309 1110 372 oram.
1125 342 1166 358 -
1180 313 1412 377 centrosas.
1827 319 1889 381 ag
1974 270 1975 335 ³

232 483 301 547 prm
336 464 547 528 multitudine
576 463 717 542 piscium
747 467 819 529 rete
851 469 1028 546 rumpitur,
1085 472 1164 534 tunc
1185 476 1249 547 est,
1264 491 1365 552 quum
1389 474 1496 552 ipsam
1511 476 1581 552 jam
1602 473 1794 538 claritatem
1813 476 1891 537 'l'ri-
1974 436 1975 461 i

232 566 311 644 quia
333 580 421 625 nunc
435 562 476 624 ad
491 562 733 624 contessionem
751 564 827 626 ildei
840 566 940 628 etiam
954 583 1029 628 cum
1083 569 1199 631 nitatis
1222 572 1444 647 agnoscimus,
1465 588 1565 648 quam
1587 571 1624 633 in
1645 573 1780 634 unitate
1801 572 1890 633 diri·
1974 596 1975 649 l

232 664 346 731 electis
354 660 487 738 reprobi
497 661 582 722 tanti
591 660 728 730 intrant,
739 663 774 723 ut
784 663 890 740 ipsam
900 680 1031 742 quoque
1083 665 1197 728 nitatis
1211 684 1287 729 esse
1304 671 1431 730 certum
1452 671 1615 730 tenemus.
1635 670 1887 748 Quinquaginta
1974 658 1975 675 ¹

232 760 414 823 Ecclesiam
429 757 613 819 haeresibus
637 758 801 822 scindant.
818 762 854 821 In
869 761 934 823 ista
948 778 1029 825 sero
1083 764 1229 825 etunum
1242 765 1707 838 terducimus,etelectorum
1720 783 1887 828 summam

231 857 415 936 piscatione
431 855 525 918 multi
540 856 647 932 pisces
662 856 695 917 ot
709 858 822 933 magni
840 859 1026 936 capiuntur,
1084 860 1119 922 in
1145 877 1289 938 superna
1312 864 1419 939 patria
1443 864 1539 940 quasi
1562 866 1696 926 centum
1718 864 1891 942 quinqua-
1974 900 1975 909 ι

231 958 265 1018 et
276 957 346 1017 rete
359 970 426 1016 non
440 954 622 1030 rumpitur3
635 954 712 1031 quia
723 957 838 1018 sancta
847 958 1027 1019 electorum
1082 958 1175 1035 ginta
1189 962 1258 1021 tres
1273 961 1411 1037 piscium
1426 977 1601 1022 nummum
1615 964 1785 1023 tenemus.

231 1052 379 1117 Ecclesia
401 1050 609 1113 incontinua
630 1052 777 1113 auctoris
797 1055 850 1114 sui
871 1071 953 1132 pace
973 1070 1032 1117 re-
1123 1057 1201 1117 Post
1210 1058 1488 1119 resurrectionem
1500 1074 1581 1120 uero
1593 1059 1730 1120 Domini
1744 1059 1886 1120 missum

231 1151 421 1230 quiescens,
441 1148 542 1209 nullis
560 1151 631 1225 jam
653 1148 913 1214 dissentionibus
937 1153 1029 1214 dila·
1082 1154 1153 1214 rete
1166 1153 1302 1229 dignum
1316 1153 1379 1216 luit
1392 1158 1428 1216 ut
1450 1155 1498 1217 tot
1517 1156 1626 1232 pisces
1638 1158 1790 1232 caperet,
1807 1158 1887 1233 quot

230 1250 355 1311 niatur.
1082 1249 1286 1312 solummodo
1310 1251 1432 1313 electos
1457 1252 1552 1313 cives
1577 1268 1735 1330 supernae
1762 1254 1883 1330 patriae

269 1345 445 1409 Meneni
474 1345 568 1407 retia
601 1345 636 1407 ct
654 1347 735 1418 jam
770 1362 840 1409 non
871 1350 1028 1410 emebant
1082 1346 1284 1423 designaret.
1308 1350 1354 1410 st
1375 1364 1456 1410 cnm
1481 1350 1718 1421 incitassent,
1742 1364 1815 1410 non
1835 1351 1887 1411 est

229 1448 371 1508 trahere
385 1458 465 1519 prce
481 1443 701 1506 multitudine
711 1447 871 1518 pennam
895 1447 1028 1522 Afferts
1080 1448 1227 1506 amanam
1243 1447 1319 1507 rats
1334 1445 1445 1525 (ioan.
1460 1462 1533 1518 xxi,
1548 1444 1614 1526 ii).
1629 1447 1767 1524 Adiecit
1776 1449 1888 1508 Bran-

227 1547 269 1605 dc
297 1542 447 1617 piscibus
472 1554 557 1614 qnos
583 1542 810 1615 prendidistis
833 1558 936 1604 nnnc.
961 1548 1031 1604 As-
1080 1540 1199 1616 gelista
1220 1557 1291 1604 ram
1318 1544 1542 1605 necessariam
1570 1544 1712 1605 dicens:
1736 1546 1786 1605 Et
1808 1560 1887 1607 cren

227 1640 340 1702 cendit
369 1641 503 1709 Simon,
531 1637 565 1698 et
591 1637 705 1698 tracti
729 1640 805 1700 rete
829 1643 868 1701 tn
893 1641 1027 1702 torrem
1081 1639 1170 1699 tanti
1181 1640 1309 1711 essent,
1320 1640 1471 1702 siretam
1485 1641 1607 1717 magui,
1624 1641 1714 1703 sicin
1727 1642 1886 1718 superius

224 1743 364 1811 pnicum
398 1737 535 1810 magnis
564 1736 718 1807 piscibus
754 1738 892 1797 centnm
926 1742 1028 1812 qttt'n-
1079 1733 1322 1811 dicicpcennn
1333 1741 1472 1814 magnis
1482 1740 1634 1812 peneus
1647 1740 1786 1801 nonest
1800 1743 1887 1801 scia·

227 1833 394 1909 qncptratc
429 1832 539 1892 tribus
575 1828 684 1909 (Joau.
718 1847 794 1905 xxi,
830 1836 865 1906 6,
901 1833 964 1914 11).
998 1839 1027 1897 Α
1079 1848 1158 1893 anm
1171 1835 1269 1895 rete:
1282 1832 1380 1907 idest,
1394 1835 1507 1911 magni
1519 1836 1883 1907 erantsedintereos

226 1945 347 2007 magno
376 1924 535 2006 mysterio
558 1943 717 1989 numerus
742 1945 809 1991 non
834 1932 941 2003 uacat,
967 1932 1025 1994 sed
1080 1928 1227 1991 hereses
1241 1946 1308 1993 nou
1326 1933 1436 1994 erant.
1449 1934 1489 1995 Et
1502 1932 1580 1994 ideo
1601 1933 1710 2010 magis
1734 1932 1885 1995 haereses

226 2029 371 2091 intentos
409 2042 473 2087 nos
509 2024 595 2087 tanti
633 2026 783 2104 mysterii
818 2028 1025 2105 prothaditas
1079 2042 1146 2087 uon
1160 2028 1358 2105 erant,quia
1374 2029 1488 2106 magni
1501 2030 1610 2092 erant.

225 2125 389 2204 expectat.
404 2125 522 2201 Neque
539 2123 627 2184 enim
647 2125 844 2200 quantitatis
862 2141 1025 2188 summam
1119 2125 1249 2187 Mtttttc
1261 2127 1492 2188 tridentanam
1503 2128 1737 2204 mngtireic,
1750 2127 1885 2191 taleest

225 2225 379 2287 sollerter
398 2221 609 2298 Evangelista
624 2222 838 2299 exprimeret,
856 2223 922 2285 nisi
938 2225 1026 2286 banc
1079 2221 1175 2298 quasi
1188 2221 1315 2284 diceret
1329 2244 1338 2282 ι
1354 2222 1431 2299 quia
1452 2224 1559 2285 Judaei
1574 2224 1696 2285 nolunt
1708 2226 1882 2302 praedica-

225 2322 433 2385 sacramento
457 2318 589 2397 plenam
610 2334 684 2381 esse
702 2319 898 2397 judicasset.
924 2323 1025 2384 Scitis
1079 2318 1202 2380 tionem
1222 2319 1402 2397 suscipere,
1429 2321 1664 2383 convertimini
1683 2322 1729 2384 ad
1752 2326 1880 2399 geum,
1974 2356 1975 2403 3

223 2435 368 2497 namque
391 2418 477 2496 quod
498 2417 534 2478 in
552 2419 764 2479 Testamento
782 2419 900 2491 reteri,
916 2419 1024 2481 omnis
1078 2417 1111 2477 et
1122 2416 1157 2477 in
1172 2416 1222 2478 eis
1236 2417 1414 2493 expandite
1428 2418 1499 2480 rete
1517 2419 1769 2495 predicationis
1784 2422 1884 2482 etin-

224 2516 373 2596 operatio
388 2531 449 2594 per
469 2514 625 2591 Decalogi
640 2514 795 2577 mandata
819 2517 1022 2594 praecipitur.
1077 2513 1229 2588 rametis,
1250 2514 1347 2586 idest,
1362 2514 1458 2576 multi
1471 2519 1708 2579 convertentur
1722 2533 1768 2579 ex
1785 2518 1880 2594 ipsis.

224 2618 262 2677 ln
285 2630 371 2677 novo
394 2614 505 2675 autem
529 2612 677 2690 ejusdem
699 2614 905 2691 operationis
917 2615 1025 2678 virtus
1116 2612 1293 2673 Moerum
1306 2625 1391 2689 ergo
1406 2615 1708 2687 retenrjamnon
1722 2616 1882 2678 masan
1974 2626 1975 2637 ³

223 2729 284 2790 per
312 2710 537 2788 septiformem
569 2710 713 2786 gratiam
742 2711 886 2789 Spiritus
915 2713 1023 2775 sancti
1077 2709 1885 2787 mnctmaerepmmzutnuemepaxecmnni·

223 2807 451 2884 multiplicatis
461 2806 614 2867 tidelibus
626 2807 734 2869 datur.
747 2811 849 2880 Quem
861 2810 1022 2887 propbeta
1076 2806 1182 2868 titudo
1193 2805 1346 2884 piscium,
1366 2807 1464 2880 idest,
1480 2807 1657 2870 multitudo
1672 2808 1826 2871 tidelinm
1839 2825 1882 2871 ex

222 2906 423 2970 denuntians
449 2903 530 2966 dicit
552 2925 560 2964 ι
585 2906 738 2978 Spiritus
771 2907 954 2979 saptenttoe
987 2909 1023 2968 et
1076 2903 1230 2979 gentibus
1243 2904 1453 2965 concluditur
1467 2905 1555 2967 iutra
1573 2907 1646 2968 rete
1664 2907 1882 2983 praedicatio·

221 3004 422 3075 tntettectns,
438 3002 585 3077 spiritua
599 3004 732 3063 consuti
745 3003 780 3064 et
792 3004 1019 3077 fortitudinis,
1077 3000 1140 3061 nis.
1156 3001 1221 3062 Sed
1236 3004 1307 3078 jam
1330 3017 1396 3064 non
1415 3002 1505 3064 valet
1524 3003 1613 3064 trahi
1634 3019 1706 3081 prae
1720 3005 1879 3066 multitu·

220 3102 368 3180 spiritns
396 3101 551 3163 scientiae
578 3100 1023 3177 stantemstantem
1076 3097 1306 3161 dineebscasts
1319 3100 1882 3175 mrtdmamuttc,opcrortiontem

222 3216 303 3264 enm
327 3200 474 3276 spiritns
498 3198 635 3259 timoris
658 3201 798 3259 Domini
821 3195 880 3278 (is.
902 3214 950 3272 11,
973 3198 1019 3278 2).
1074 3197 1177 3270 pauci
1187 3193 1318 3275 (Maith.
1332 3211 1380 3268 nr,
1394 3195 1461 3276 37).
1476 3198 1578 3258 Pauci
1588 3199 1667 3260 sunt
1678 3197 1879 3275 piscatores,

223 3297 288 3360 Sed
300 3297 356 3358 iile
368 3297 403 3358 in
414 3297 477 3357 boc
489 3295 609 3372 spiritu
621 3295 849 3371 operationem
859 3296 1020 3374 praecipit,
1076 3292 1174 3370 pauci
1193 3293 1268 3354 sunt
1293 3293 1423 3371 praelati
1449 3294 1505 3371 qui
1531 3294 1670 3356 trahunt
1694 3295 1812 3372 pisces
1838 3296 1878 3357 ad

222 3412 296 3474 quae
309 3395 406 3456 iidem
421 3392 594 3454 trinitatis
609 3392 771 3467 agnoscit,
788 3395 872 3455 utet
886 3396 1020 3457 Patrem
1074 3392 1210 3462 terram,
1225 3389 1321 3462 idest,
1342 3390 1456 3453 fideles
1478 3391 1519 3452 ad
1540 3393 1702 3454 aeternam
1721 3394 1879 3470 patriam,

221 3496 255 3556 et
275 3493 397 3555 Filium
421 3491 455 3552 et
478 3489 636 3567 Spiritum
659 3490 809 3551 sanctum
829 3490 930 3552 unius
951 3492 1023 3553 vir·
1075 3488 1152 3565 quia
1170 3488 1280 3564 potius
1305 3490 1459 3565 quaerunt
1480 3505 1553 3568 quae
1573 3505 1635 3551 sua
1656 3493 1748 3563 sunt,
1778 3505 1880 3568 quam

220 3591 302 3659 tutis
315 3589 438 3660 credat,
454 3588 554 3649 unius
570 3587 763 3649 substantiae
776 3603 850 3650 esse
864 3587 1019 3651 fateatur.
1075 3601 1149 3662 quae
1162 3587 1242 3647 lesu
1257 3585 1392 3648 Christi.

262 3688 344 3760 Quia
368 3686 471 3761 igitur
494 3687 631 3761 septem,
654 3701 728 3762 quae
744 3686 898 3762 superius
926 3687 1019 3747 dixi-
1114 3684 1205 3745 Dicit
1219 3697 1302 3758 ergo
1325 3687 1512 3759 conanae
1528 3688 1583 3748 tlte
1603 3700 1706 3760 quern
1717 3686 1880 3762 senemr

220 3801 305 3853 mus,
322 3798 382 3859 per
405 3797 526 3842 norum
549 3782 795 3843 Testamentum
819 3783 922 3845 latius
943 3783 1020 3846 data
1073 3783 1175 3841 lesus
1191 3781 1323 3842 Petro}
1346 3785 1516 3844 Dominus
1533 3784 1586 3845 est
1603 3784 1715 3860 (ioan.
1739 3799 1813 3854 xxi,
1830 3783 1878 3862 7).

220 3884 309 3954 sunt,
324 3880 437 3942 decem
450 3892 529 3939 vero
544 3880 709 3954 precepta
722 3893 781 3954 per
792 3881 898 3952 retus,
911 3882 1020 3942 omnis
1076 3876 1186 3948 Quaeri
1212 3878 1319 3954 potest
1338 3894 1398 3939 cur
1426 3879 1520 3955 prius
1544 3882 1695 3942 loannes
1721 3880 1880 3955 cognorit

219 3978 455 4042 nostrarirtus
475 3976 509 4037 et
526 3974 677 4052 operatio
692 3974 877 4051 perdecem
893 3978 1021 4055 etsep·
1074 3976 1199 4036 lesum.
1221 3974 1271 4036 Ad
1295 3976 1381 4052 quod
1409 3975 1476 4037 dici
1505 3977 1615 4054 potest
1641 3976 1729 4054 quod
1758 3976 1878 4038 beatus

141 4120 144 4125 -
219 4083 285 4141 tem
314 4076 422 4155 potest
449 4073 548 4150 plane
575 4072 822 4149 comprehendi.
852 4077 1020 4137 Ducamim
1074 4074 1219 4134 ioannes
1243 4072 1373 4134 acutior
1390 4074 1464 4136 erat
1488 4073 1531 4134 ad
1554 4074 1817 4150 intelligendum,
1842 4074 1879 4135 et

220 4191 301 4251 ergo
322 4171 562 4251 pertrigcnum
584 4169 698 4231 decem
713 4173 745 4232 et
759 4173 896 4249 septem,
915 4175 1021 4236 etre-
1074 4168 1257 4245 sapientior
1281 4164 1433 4244 caeteris,
1458 4172 1493 4233 et
1517 4170 1593 4232 ideo
1616 4171 1693 4248 plus
1719 4170 1879 4246 cognorit

220 4274 318 4335 niunt
340 4268 581 4349 quinquaginta
600 4268 637 4329 et
659 4283 772 4329 unum.
790 4270 852 4341 Qui
872 4271 1019 4348 proiecto
1073 4268 1197 4328 lesum.
1219 4265 1312 4327 Unde
1338 4282 1405 4328 non
1430 4267 1596 4329 immerito
1627 4267 1752 4330 dicitur
1774 4283 1876 4345 super

217 4385 376 4432 numerus
407 4383 428 4429 a
458 4381 579 4442 magno
616 4366 776 4443 mysterio
809 4383 876 4429 uon
908 4371 1017 4441 vacat,
1073 4364 1187 4441 pectus
1213 4363 1336 4425 Christi
1363 4364 1399 4425 in
1432 4381 1527 4426 coena
1557 4364 1773 4436 recubuisse,
1798 4365 1875 4442 quia

158 4482 160 4487 ⁴
219 4469 376 4547 quiajam
390 4463 1017 4542 inTestamentoreterilegimusquod
1073 4461 1194 4522 exinde
1206 4461 1332 4523 incerta
1349 4462 1383 4524 et
1395 4462 1525 4524 occulta
1538 4462 1712 4540 sapientia
1725 4464 1787 4525 Dei
1802 4477 1874 4523 ma·

220 4580 328 4627 annus
372 4561 668 4640 quinquagesimus
703 4560 866 4623 lubilaeus
903 4564 1018 4624 vocari
1073 4557 1228 4621 niiestata
1240 4560 1317 4620 sunt
1330 4558 1372 4620 ei.

215 4665 330 4739 J'ussus
345 4662 407 4731 est,
424 4659 459 4719 in
474 4673 539 4735 quo
553 4657 709 4719 videlicet
723 4660 862 4720 cunctus
878 4659 1018 4737 populus
1112 4658 1230 4718 Simon
1240 4656 1359 4718 antem
1369 4657 1614 4731 Petnnqnnm
1621 4659 1779 4719 mcdmaet
1789 4659 1873 4732 meod

219 4757 260 4818 ab
282 4757 371 4817 omni
395 4770 495 4832 opere
509 4755 742 4832 requiesceret.
767 4756 831 4817 Sed
853 4772 933 4818 vera
959 4773 1017 4819 re·
1070 4755 1172 4815 learns
1189 4754 1291 4826 esset,
1316 4754 1435 4815 tainica
1455 4755 1630 4816 snminoeit
1653 4770 1731 4816 se...
1763 4754 1870 4834 (ioan.

220 4854 315 4931 quies
334 4854 369 4912 in
387 4852 514 4912 unitate
537 4853 588 4911 est
606 4872 615 4910 ε
635 4851 740 4912 dividi
768 4851 889 4930 quippe
914 4871 1016 4917 unum
1071 4865 1142 4921 xm,
1156 4848 1202 4930 7).
1220 4850 1313 4912 Sicut
1326 4852 1474 4912 loannes
1493 4852 1565 4913 erat
1586 4851 1721 4913 caeteris
1740 4852 1872 4927 sapien-

221 4965 287 5011 non
312 4949 428 5025 potest.
450 4947 514 5008 Ubi
539 4948 627 5007 enirn
659 4948 807 5009 scissura
828 4949 1014 5024 divisionis,
1071 4946 1146 5019 tior,
1163 4947 1210 5008 ita
1223 4946 1339 5009 beatus
1355 4948 1474 5010 Petrus
1493 4948 1558 5009 tide
1575 4950 1608 5010 et
1622 4947 1791 5010 charitate
1807 4947 1873 5008 ier·

219 5062 299 5108 vera
324 5044 454 5122 requies
480 5059 548 5104 non
575 5044 635 5104 est.
662 5047 828 5107 Ducamus
856 5064 936 5124 ergo
958 5065 1018 5126 per
1070 5044 1210 5106 vendor.
1226 5046 1311 5105 Nam
1327 5044 1418 5106 solus
1432 5045 1555 5121 legitur
1568 5060 1872 5122 superaquasam·

219 5144 386 5219 trigonum
401 5140 641 5218 quinquaginta
658 5142 691 5203 et
706 5158 818 5215 unum,
835 5143 919 5206 liunt
937 5162 1018 5207 cen-
1070 5141 1214 5213 bulasse,
1230 5141 1268 5203 ut
1280 5142 1411 5204 reniret
1429 5142 1472 5204 ad
1496 5145 1622 5215 lesum,
1643 5142 1739 5203 solus
1763 5142 1799 5203 in
1810 5142 1871 5203 hac

218 5242 288 5302 tum
309 5238 550 5317 quinquaginta
571 5238 651 5301 tres.
674 5240 758 5312 Quia
781 5240 885 5316 igitur
908 5244 1016 5305 omnis
1071 5238 1212 5300 lectione
1235 5239 1271 5299 in
1289 5254 1383 5301 mare
1400 5255 1436 5301 se
1457 5239 1601 5311 misisse,
1625 5240 1660 5301 et
1678 5240 1786 5301 multa
1805 5238 1871 5301 alia

219 5336 367 5413 operatio
381 5338 495 5398 nostra
519 5336 552 5398 et
572 5336 678 5398 virtus
699 5338 735 5398 in
759 5337 824 5398 tide
842 5340 1015 5403 Tuinitatis
1070 5352 1144 5414 que
1168 5336 1355 5397 devotionis
1368 5339 1441 5414 ejus
1451 5339 1484 5399 et
1494 5337 1571 5398 fidei
1584 5338 1662 5398 sunt
1673 5338 1870 5412 argumenta

219 5431 367 5493 exhibita
383 5430 423 5491 ad
436 5431 585 5508 requiem
595 5433 710 5504 tendit,
721 5434 846 5509 septem
856 5438 890 5497 et
901 5435 1014 5497 decem
1069 5432 1352 5496 manifestissima.
1380 5434 1473 5505 Quod
1501 5434 1614 5495 autem
1645 5434 1740 5495 misit
1773 5450 1810 5495 se
1834 5433 1870 5493 in

217 5526 269 5584 ter
291 5527 452 5598 ducimus,
468 5530 506 5588 ui
527 5528 569 5589 ad
591 5529 831 5605 quinquaginta
856 5532 889 5594 et
911 5549 1014 5595 unum
1068 5546 1171 5603 mare,
1186 5530 1354 5607 significat
1365 5547 1423 5592 eos
1438 5532 1495 5608 qui
1512 5547 1573 5608 per
1585 5530 1683 5592 iidem
1698 5531 1869 5592 christiin

218 5620 333 5679 venire
357 5620 545 5684 debeamus.
570 5627 611 5686 ut
636 5641 716 5686 vera
741 5627 873 5703 requies
898 5634 1013 5693 nostra
1068 5626 1867 5707 marihujussaecuiisepassionibusobtuleruut.
