3980 6198
114 228 176 290 257
648 232 806 304 uolnus
827 222 1092 301 numerumn.
1114 240 1192 300 mn
1217 241 1258 300 n.
1713 240 1772 319 ass

115 389 303 452 diaconum
320 388 527 452 cardinalem
546 392 774 456 concessimus
788 396 922 458 audito-
975 400 1053 462 tunc
1061 398 1175 478 judice
1188 399 1363 463 comitatus
1377 400 1518 460 Tuscan.
1535 414 1601 460 non
1616 414 1659 460 ex
1680 398 1772 461 dole-

116 503 189 551 rem
202 508 212 564 3
227 488 268 549 in
286 491 382 565 cujus
396 489 589 566 praesentia,
605 506 706 569 quum
720 491 828 556 dictus
845 511 920 572 mo·
974 498 1109 574 gatione
1120 496 1309 577 apostolica
1324 496 1462 575 quaestio
1475 498 1672 566 verteretur,
1684 495 1771 557 idem

116 586 250 649 uacuus
266 585 406 648 nonnisi
420 586 462 649 ad
477 587 722 665 impetrandum
737 593 771 653 et
785 594 923 655 contra·
975 594 1182 657 diffinitivam
1197 612 1257 674 pro
1270 597 1385 658 eodem
1409 595 1447 657 R.
1472 594 1669 657 sententiam
1688 609 1771 672 pro·

115 682 301 746 dicendum
338 686 537 761 procurator
570 686 671 749 fuerit
705 690 919 764 constitutus,
974 692 1146 769 mulgavit,
1160 693 1297 770 quaebis
1311 692 1374 754 suit
1388 708 1447 772 per
1457 692 1587 770 jndices
1602 692 1771 769 delegatos

117 782 205 844 siout
220 797 267 843 ex
287 781 411 844 litteris
435 781 600 846 dictorum
625 784 754 848 abbatis
781 790 815 850 et
840 804 922 850 con·
974 790 1095 852 assde
1110 790 1300 867 Apostolica
1315 791 1525 865 confirmata3
1551 790 1584 852 'et
1605 789 1684 852 licet
1707 791 1772 850 Pe·

116 881 240 943 ventus
263 879 418 942 constitit
443 880 628 955 evidenter,
644 884 845 961 supplicavit
857 885 923 948 hu·
975 888 1045 950 trus
1060 888 1198 949 Picheta
1212 888 1393 949 canonicus
1404 891 1559 961 Tuscum,
1574 887 1628 949 cui
1642 903 1769 949 enecu-

117 976 347 1039 militeridem
359 976 468 1051 miles,
480 980 647 1044 utcontra
658 984 750 1061 ipsos
761 986 921 1063 tanquam
974 985 1098 1048 tionem
1109 983 1213 1062 ipsius
1223 985 1770 1056 senteutiaedicimurcommisisse,

117 1077 336 1139 contumaces
352 1074 533 1155 procedere
553 1079 762 1155 deberemus,
780 1098 820 1145 ac
839 1082 921 1145 dare
974 1082 1082 1160 ipsum
1106 1082 1141 1144 in
1160 1081 1406 1160 possessionem
1425 1083 1642 1160 quarumdam
1656 1083 1774 1145 domo-

117 1173 290 1253 alignibns
315 1176 351 1237 in
375 1175 553 1251 mandatIs,
570 1177 627 1255 qui
648 1179 784 1241 eosdem
800 1196 866 1261 pro
881 1195 921 1242 eo
975 1197 1049 1241 rum
1064 1180 1097 1242 et
1110 1176 1253 1242 aliarum
1267 1196 1380 1242 rernm
1403 1179 1551 1256 legitime
1574 1180 1770 1252 induxisset,

117 1272 204 1351 quod
214 1272 257 1335 ad
270 1274 540 1353 prosequendam
549 1276 806 1353 appellationem
817 1278 922 1340 emis·
975 1278 1053 1356 qnia
1075 1293 1153 1357 pars
1172 1278 1289 1348 altera,
1306 1294 1380 1356 quae
1403 1277 1444 1339 ab
1470 1277 1613 1339 aliorum
1636 1277 1772 1353 delega-

118 1387 189 1433 sam
203 1372 461 1449 procuratorem
476 1372 587 1435 minus
602 1374 759 1437 idoneum
769 1374 923 1438 destina·
975 1377 1085 1438 torum
1112 1374 1301 1452 cognitione
1327 1376 1429 1437 semel
1453 1374 1628 1437 etiterum
1655 1375 1771 1451 appel-

120 1471 208 1543 rnnt,
243 1468 324 1547 ipso
359 1470 508 1532 eamdem
543 1473 768 1549 personaliter
802 1488 922 1551 prose·
975 1473 1126 1546 laverat,
1162 1470 1262 1536 tertio
1296 1488 1411 1535 rocem
1446 1473 1487 1534 ad
1522 1488 1583 1535 nos
1618 1472 1771 1550 appella-

120 1567 256 1643 puente,
285 1565 326 1627 iu
357 1566 584 1630 resarciendis
614 1568 679 1631 sibi
710 1569 855 1642 damnis,
884 1572 919 1632 et
975 1570 1077 1634 tionis
1090 1570 1244 1636 emittens
1258 1571 1373 1632 contra
1388 1569 1553 1647 legitimas
1572 1569 1771 1643 sanctiones

120 1662 284 1741 expensis
301 1663 450 1741 legitime
469 1664 748 1741 condemnantes,
769 1683 810 1730 eo
829 1668 922 1746 prius
975 1667 1097 1731 dilecto
1110 1670 1147 1729 F.
1161 1668 1261 1732 Petro
1275 1667 1425 1729 Severini
1446 1667 1607 1730 canonico
1630 1670 1772 1728 Tuscan.

122 1760 208 1823 sicut
218 1763 354 1838 justum
369 1762 470 1825 luerit
484 1763 639 1826 restituto
655 1765 804 1840 audiant,
821 1781 924 1843 super
976 1767 1010 1828 et
1024 1768 1096 1843 ejus
1111 1765 1249 1842 collegae
1272 1765 1495 1841 coguitionem
1521 1765 1626 1842 ipsius
1640 1765 1776 1826 senten-

121 1857 184 1933 luis,
200 1874 279 1936 quae
301 1861 418 1923 contra
434 1860 612 1939 praedictos
626 1862 778 1926 abbatem
793 1865 828 1926 et
841 1879 924 1926 con·
975 1864 1032 1925 tiae
1060 1878 1081 1925 a
1106 1863 1202 1925 nobis
1234 1861 1376 1925 obtinuit
1403 1862 1570 1939 delegari;
1600 1862 1651 1923 illi
1677 1862 1776 1939 prout

121 1958 258 2018 ventum
284 1957 446 2035 praelatus
469 1957 567 2021 miles
590 1960 837 2024 rationabiliter
857 1960 923 2022 du·
977 1961 1074 2023 erant
1095 1962 1212 2023 contra
1237 1975 1314 2022 eum
1340 1960 1415 2038 plus
1443 1960 1553 2022 debito
1585 1958 1726 2021 animosi
1754 1973 1775 2021 a

121 2053 209 2115 xent
234 2054 466 2132 proponenda.
490 2055 574 2128 Quia
597 2070 678 2120 vero
704 2057 801 2121 nobis
822 2074 924 2135 super
977 2057 1187 2135 possessione
1208 2057 1367 2135 praedicta
1389 2057 1503 2119 contra
1518 2056 1684 2143 justitiam
1704 2058 1776 2133 eje-

121 2150 311 2227 premissis
340 2166 408 2215 non
428 2154 536 2230 potnit
559 2153 633 2216 lieri
652 2155 751 2234 plena
775 2154 860 2218 fides
881 2154 924 2216 de
978 2156 1095 2217 cerunt
1107 2154 1270 2216 eumdem.
1288 2156 1461 2231 Quumque
1482 2153 1622 2215 dilectus
1643 2152 1665 2214 f.
1683 2169 1716 2213 n.
1734 2155 1773 2215 Ii.

120 2262 270 2311 assensu
300 2249 417 2312 militis
442 2252 476 2313 et
496 2252 653 2315 monachi
675 2252 922 2331 praedictorum,
979 2252 1109 2314 Sauctae
1117 2250 1234 2313 Mariae
1246 2251 1282 2311 in
1297 2250 1471 2313 cosmedin
1484 2250 1644 2312 diaconus
1658 2250 1774 2311 cardi-

122 2343 204 2406 disc.
229 2362 266 2409 v.
288 2362 333 2408 m.
361 2348 537 2425 qnatenus,
555 2349 585 2410 si
610 2348 706 2412 vobis
734 2348 925 2412 constiterit
979 2348 1076 2421 natis,
1089 2363 1190 2426 super
1198 2346 1420 2425 appellatione
1429 2348 1528 2410 tertio
1542 2347 1584 2409 ad
1599 2363 1659 2408 nos
1672 2346 1775 2410 emis-

122 2440 228 2505 dictos
255 2443 410 2506 abbatem
429 2448 464 2507 et
486 2447 687 2508 conventum
707 2445 925 2524 appellationi
978 2461 1016 2507 sa
1029 2444 1160 2523 utrique
1172 2445 1258 2523 parti
1271 2460 1291 2505 a
1303 2443 1399 2506 uobis
1414 2444 1510 2506 datus
1525 2444 1657 2506 auditor
1671 2445 1771 2507 inter·

122 2555 190 2602 suae
205 2541 392 2604 terminum
406 2543 604 2618 praefixisse,
622 2560 724 2621 quum
742 2543 784 2608 ad
803 2558 924 2622 prose·
978 2542 1108 2605 locutus
1133 2541 1233 2604 fuerit
1262 2542 1339 2604 illos
1367 2558 1434 2604 non
1459 2542 1608 2620 potuisse
1635 2541 1676 2603 de
1698 2542 1776 2619 j‘ure

122 2636 296 2714 quendum
324 2638 474 2702 eamdem
510 2640 730 2703 subicientem
763 2656 925 2719 procura·
976 2640 1075 2703 tertio
1096 2640 1277 2718 appellare,
1300 2656 1362 2705 nos
1384 2640 1543 2719 predicto
1560 2642 1598 2701 Ρ.
1624 2638 1776 2702 Severini

123 2735 229 2796 torem
241 2750 311 2796 non
322 2736 489 2811 miserint,
499 2740 683 2801 memorato
698 2738 804 2801 milite
814 2738 922 2814 ipsam
977 2739 1010 2800 et
1027 2741 1099 2816 ejus
1123 2738 1259 2813 collegae
1279 2737 1402 2799 nostris
1428 2738 1580 2801 dedimus
1605 2737 1725 2800 litteris
1741 2736 1775 2799 in

125 2832 352 2909 personaliter
375 2836 615 2912 prosequente,
640 2834 732 2913 ipsos
754 2835 796 2897 ad
821 2835 924 2896 rosli—
976 2835 1152 2907 mandatis,
1177 2836 1213 2896 ut
1240 2835 1276 2896 in
1306 2835 1440 2912 negotio
1467 2836 1540 2913 ipso
1566 2850 1774 2916 nequaquam

126 2929 268 2991 tuendas
291 2946 460 3006 expensas
479 2933 663 3009 atempore
685 2932 921 3010 appellationis
975 2933 1154 3012 procedere
1168 2933 1380 2997 attentarent.

128 3024 243 3100 lactas,
260 3024 369 3089 eidem
384 3028 482 3091 militi
496 3029 770 3103 condemnantes,
787 3028 923 3092 eodem·

127 3139 187 3200 gne
201 3124 291 3188 sicut
309 3127 436 3203 justum
459 3126 561 3190 tuerit
582 3128 737 3204 primitus
751 3130 920 3199 restitute,
974 3104 1145 3178 Mwsslt‘)
1160 3105 1198 3164 G·
1220 3099 1270 3181 (b)
1288 3104 1420 3164 mmd-
1442 3102 1478 3163 θΐ
1498 3103 1636 3175 Officiali
1650 3103 1774 3162 Lemo·

129 3220 269 3284 audiatis
294 3238 430 3285 causam
455 3226 502 3296 et,
524 3224 750 3303 appellatione
780 3227 919 3297 remam,
1015 3203 1124 3261 vicen
1138 3197 1230 3277 ei(c)
1244 3200 1543 3272 archipresbytero
1556 3200 1598 3259 de
1612 3198 1775 3261 Nostros

130 3317 190 3380 tiue
203 3318 319 3382 debito
332 3321 532 3384 terminetis.
1016 3297 1364 3357 Leuiouiemraeresrs.

220 3466 390 3566 Episcopo
402 3490 547 3552 Martie.
564 3493 608 3553 N.
620 3491 825 3565 presbytero
1277 3462 1413 3523 CAPUT
1434 3461 1473 3523 V·

320 3589 483 3650 cationis&
507 3590 650 3650 Medii»
675 3584 723 3668 (a)
1015 3595 1134 3658 Dilecti
1148 3594 1171 3657 i.
1189 3595 1281 3673 prior
1294 3597 1327 3658 et
1340 3596 1522 3657 conventus
1539 3592 1581 3656 de
1592 3595 1682 3655 Lacu
1704 3595 1775 3657 Ru-

940 3688 944 3765 ]
975 3694 1035 3756 bro
1046 3693 1243 3757 transmissa
1255 3691 1351 3754 nobis
1364 3691 1522 3770 petitione
1534 3692 1771 3764 monstrarunt,

414 3757 551 3819 CAPUT
572 3758 627 3820 IV·
972 3792 1060 3870 guod
1075 3807 1177 3870 quum
1200 3792 1288 3854 inter
1303 3791 1393 3870 ipsos
1415 3805 1458 3851 ex
1479 3791 1573 3868 parte
1591 3805 1668 3862 una,
1685 3791 1718 3851 et
1732 3791 1768 3852 li.

168 3891 230 3951 Sua
244 3890 342 3953 nobis
357 3890 533 3953 Reiuerius
547 3891 637 3953 tutor
655 3890 799 3953 illiorum
814 3906 921 3969 quon·
974 3890 1014 3952 de
1035 3889 1202 3953 Hambaro
1225 3888 1363 3953 militem
1389 3888 1590 3951 Clarornont
1618 3886 1771 3949 dioecesis

133 3985 201 4047 dam
215 3988 250 4049 B.
269 3987 353 4049 civis
374 3990 514 4050 Tuscan.
536 3988 695 4066 petitione
710 3988 917 4060 monstrarit,
973 4004 1016 4050 ex
1037 3988 1153 4060 altera,
1177 4002 1277 4064 super
1297 3986 1438 4064 quodam
1460 4000 1595 4046 nemore
1618 3984 1651 4046 et
1671 3983 1772 4044 rebus

135 4084 211 4158 quod
225 4101 328 4163 quum
343 4085 551 4163 interipsum
566 4086 717 4164 exparte
733 4101 811 4159 uua,
834 4088 868 4149 et
880 4088 917 4148 F.
972 4085 1049 4148 aliis
1075 4100 1187 4148 coram
1213 4083 1373 4161 magistro
1397 4085 1436 4144 A.
1467 4080 1627 4144 canonico
1656 4081 1772 4142 Claro-

135 4193 187 4253 pro
200 4196 244 4256 se,
273 4197 313 4244 ac
335 4183 469 4245 Petrum
493 4183 754 4260 Campumallum
776 4184 918 4246 tutorem
973 4184 1074 4244 mont.
1103 4179 1152 4260 (rt)
1180 4196 1247 4243 non
1281 4197 1324 4242 ex
1353 4179 1560 4254 delegatione
1581 4178 1771 4255 apostolica

135 4275 170 4334 V.
184 4279 334 4341 concives
356 4295 434 4341 suos
450 4295 492 4341 ex
513 4280 629 4351 altera,
656 4296 757 4358 super
777 4281 918 4359 quadam
974 4279 1112 4357 quaestio
1134 4278 1331 4349 verteretur,
1359 4276 1447 4336 idem
1471 4275 1566 4336 miles
1590 4275 1632 4335 ad
1654 4291 1729 4337 ven.
1745 4275 1767 4337 t

137 4376 274 4448 pecunia
302 4393 430 4440 summa
457 4378 491 4439 et
515 4375 614 4439 rebus
639 4377 715 4443 eliis
741 4393 853 4441 coram
877 4381 915 4440 R.
974 4394 1006 4438 n.
1030 4373 1078 4455 (c)
1101 4375 1280 4437 Bituricam
1309 4372 1596 4449 archiepiscopum
1624 4371 1769 4433 trustra-

138 4522 920 4669 superseptipartientes
973 4518 1770 4668 trescasa-,semicinctium

140 4661 296 4725 Murri
307 4684 318 4735 ;
331 4668 452 4741 vulgali,
475 4639 615 4739 epicopo
631 4668 815 4735 beomensi,
837 4673 863 4725 rt
884 4669 918 4725 P.
973 4668 1041 4735 tiro,
1058 4671 1083 4723 et
1123 4665 1283 4723 ‚mauricis
1295 4660 1525 4720 Tusrcnenribus.
1539 4662 1768 4721 Deluscsnonsi

139 4737 257 4795 mimico
278 4740 398 4809 Tuscos.
416 4739 516 4796 Neoiri
536 4737 620 4794 beno,
634 4738 735 4799 Nullos
748 4744 792 4795 est
806 4739 917 4811 episco-
973 4738 1139 4811 episcopatu
1151 4734 1257 4793 dictum
1272 4749 1305 4792 su
1327 4748 1368 4794 ra,
1475 4803 1481 4815 ,
1586 4801 1622 4815 ..

141 4810 213 4873 palus
231 4809 421 4878 florinensis,
437 4808 481 4867 vel
503 4808 701 4867 liantinensis.
724 4809 855 4866 Dicerem
879 4810 919 4867 le·
1008 4808 1049 4882 (b)
1069 4806 1291 4888 Arcliidiuceuu
1318 4804 1490 4887 emooicensi.
1506 4800 1716 4886 Archidiacono
1732 4805 1769 4862 de

141 4875 253 5001 fficium
273 4880 363 4950 episco
419 4878 587 4936 liminensi,
607 4879 714 4939 Visitur
727 4880 804 4935 enim
823 4880 852 4936 in
873 4881 918 4937 via
973 4879 1150 4947 Malainorle,
1174 4891 1223 4949 qui
1243 4890 1346 4935 unicus
1366 4882 1410 4932 est
1433 4890 1462 4931 m
1491 4875 1611 4932 ecclesia
1634 4876 1767 4933 Lemovi-

177 4947 338 5016 liuu,lloma
389 4964 422 5006 ea
444 4949 512 5005 olim
538 4962 650 5018 versus,
675 4950 754 5007 locus
777 4951 919 5007 Marinum
973 4949 1062 5009 censi.

142 5012 222 5099 dicius
239 5020 273 5077 ab
291 5020 358 5078 antii
372 5034 406 5077 ua
425 4964 554 5102 Blarlana
569 5021 635 5103 villa
649 5035 743 5102 prope¹
752 5022 917 5104 Tusculum,
1010 5020 1050 5095 (c)
1070 5018 1324 5103 Arclriprrslrptero
1344 5017 1377 5073 dc
1396 5017 1537 5100 Nostros
1555 5016 1601 5073 Sic
1613 5015 1769 5145 legendum

143 5086 304 5148 nobilitatum
315 5036 666 5162 lillulliiquesnombus,
679 5089 763 5149 hodie
777 5093 919 5159 Frescoti,·
973 5099 1031 5163 est;
1047 5098 1146 5149 tertius
1159 5088 1451 5162 archipresbyteratus
1463 5102 1493 5144 ru
1508 5088 1625 5145 dioecosi
1663 5104 1769 5146 oinom-

143 5159 593 5235 eslurbsepiscopalisduodeuim
608 5161 777 5219 milliaribus
796 5162 831 5220 ab
850 5163 920 5221 urbe
973 5163 1062 5221 censi.

143 5222 246 5300 disum,
262 5247 391 5291 amenus
403 5234 583 5290 summorum
596 5233 764 5290 Pontiilcum
776 5246 917 5292 secessus.
1009 5233 1050 5305 (d)
1070 5233 1135 5289 Non
1157 5246 1193 5287 es
1211 5230 1382 5302 delegatione
1395 5229 1566 5301 Apostolicu.
1591 5229 1659 5309 llaec
1682 5227 1769 5310 verba

144 5295 191 5354 Sed
209 5300 234 5357 in
253 5304 329 5361 nullo
348 5303 516 5361 Proviricieli
532 5303 648 5376 antiquo
662 5304 708 5360 vel
723 5318 799 5361 novo
813 5306 918 5377 reperi·
973 5303 1076 5361 desunt
1086 5304 1116 5360 in
1130 5301 1256 5359 editione
1269 5302 1392 5374 vulgari,
1408 5315 1495 5372 quum
1514 5308 1610 5356 tamen
1632 5312 1661 5354 iu
1681 5297 1771 5355 tribus

144 5370 182 5422 tur
192 5370 285 5430 llarini
299 5375 489 5448 episcopatus.
507 5375 598 5446 Prope
616 5376 828 5432 tuscanensem
848 5376 916 5433 civi·
974 5376 1051 5434 tiss,
1065 5373 1252 5461 reperiantur,
1262 5373 1336 5429 sicut
1348 5378 1378 5453 et
1391 5371 1423 5452 iu
1432 5385 1495 5442 cop.
1508 5384 1597 5448 sequ..

144 5440 219 5498 litem
231 5451 271 5502 est
284 5456 395 5517 quoque
411 5446 652 5513 biartsecastrum,
670 5446 769 5503 Lartos
783 5445 918 5518 oppidum
1010 5445 1049 5518 (r)
1069 5445 1273 5502 subtemen
1296 5443 1545 5522 arrbwprscopom.
1570 5440 1717 5520 Simonem
1734 5437 1771 5495 de

144 5505 286 5580 Caenide
300 5530 357 5589 quo
374 5515 450 5573 banc
467 5515 681 5587 inscriptionem
703 5515 918 5599 intelligendam
974 5517 1095 5591 soliaco.
1111 5517 1180 5571 Tota
1194 5528 1276 5571 mens
1288 5511 1378 5594 ‘leupus
1393 5525 1456 5583 cap.
1471 5524 1512 5591 ¹oo
1528 5508 1619 5591 tendit
1633 5515 1664 5564 ut
1680 5524 1767 5581 pons·

145 5584 356 5657 aeviternus,
372 5587 397 5644 si
410 5594 535 5644 castrum
548 5585 603 5645 troc
617 5584 752 5645 cathedra
764 5588 919 5661 episcopali
974 5595 1019 5646 tur
1031 5584 1191 5644 dillercntia
1202 5584 1277 5642 inter
1284 5582 1409 5657 jndicem
1418 5578 1604 5649 ordinarium,
1618 5587 1647 5637 et
1660 5577 1769 5638 dutum.

270 5755 382 5801 naraon.
403 5757 478 5801 rous
496 5744 520 5801 Ι.
1585 5733 1612 5790 9·
