<?xml version="1.0" encoding="UTF-8"?>
<!DOCTYPE html PUBLIC "-//W3C//DTD XHTML 1.0 Transitional//EN"
    "http://www.w3.org/TR/xhtml1/DTD/xhtml1-transitional.dtd">
<html xmlns="http://www.w3.org/1999/xhtml" xml:lang="en" lang="en">
 <head>
  <title>
</title>
<meta http-equiv="Content-Type" content="text/html;charset=utf-8" />
  <meta name='ocr-system' content='tesseract 3.04.00' />
  <meta name='ocr-capabilities' content='ocr_page ocr_carea ocr_par ocr_line ocrx_word'/>
</head>
<body>
  <div class='ocr_page' id='page_1' title='image "./mediiaevibiblio07bottgoog_0426.png"; bbox 0 0 3952 6188; ppageno 0'>
   <div class='ocr_carea' id='block_1_1' title="bbox 84 257 1743 336">
    <p class='ocr_par' dir='ltr' id='par_1_1' title="bbox 84 257 1743 336">
     <span class='ocr_line' id='line_1_1' title="bbox 84 257 1743 336; baseline 0.005 -14"><span class='ocrx_word' id='word_1_1' title='bbox 84 264 153 329; x_wconf 74' lang='grc'>773</span> <span class='ocrx_word' id='word_1_2' title='bbox 511 261 557 325; x_wconf 84' lang='grc' dir='ltr'>ιΝ</span> <span class='ocrx_word' id='word_1_3' title='bbox 578 259 919 336; x_wconf 70' lang='lat' dir='ltr'>auenniensem,</span> <span class='ocrx_word' id='word_1_4' title='bbox 941 257 1147 323; x_wconf 78' lang='lat' dir='ltr'>Deuiulcn</span> <span class='ocrx_word' id='word_1_5' title='bbox 1167 260 1329 324; x_wconf 80' lang='lat' dir='ltr'>TERTIA.</span> <span class='ocrx_word' id='word_1_6' title='bbox 1683 268 1743 330; x_wconf 83' lang='lat' dir='ltr'>iii</span> 
     </span>
    </p>
   </div>
   <div class='ocr_carea' id='block_1_2' title="bbox 76 417 1749 5695">
    <p class='ocr_par' dir='ltr' id='par_1_2' title="bbox 76 417 1749 5695">
     <span class='ocr_line' id='line_1_2' title="bbox 86 417 1745 502; baseline -0.001 -15"><span class='ocrx_word' id='word_1_7' title='bbox 86 423 258 494; x_wconf 84' lang='lat' dir='ltr'>animam,</span> <span class='ocrx_word' id='word_1_8' title='bbox 269 422 415 487; x_wconf 86' lang='lat' dir='ltr'>animam</span> <span class='ocrx_word' id='word_1_9' title='bbox 424 435 505 485; x_wconf 81' lang='lat' dir='ltr'>vero</span> <span class='ocrx_word' id='word_1_10' title='bbox 516 421 651 502; x_wconf 88' lang='lat' dir='ltr'>propter</span> <span class='ocrx_word' id='word_1_11' title='bbox 664 421 779 494; x_wconf 90' lang='lat' dir='ltr'>Deum,</span> <span class='ocrx_word' id='word_1_12' title='bbox 791 420 895 482; x_wconf 90' lang='lat' dir='ltr'>Deum</span> <span class='ocrx_word' id='word_1_13' title='bbox 949 420 983 481; x_wconf 91' lang='lat' dir='ltr'>et</span> <span class='ocrx_word' id='word_1_14' title='bbox 995 418 1202 497; x_wconf 73' lang='lat' dir='ltr'>negligentes</span> <span class='ocrx_word' id='word_1_15' title='bbox 1213 420 1291 484; x_wconf 90' lang='lat' dir='ltr'>sunt</span> <span class='ocrx_word' id='word_1_16' title='bbox 1304 435 1384 499; x_wconf 89' lang='lat' dir='ltr'>erga</span> <span class='ocrx_word' id='word_1_17' title='bbox 1399 417 1559 495; x_wconf 88' lang='lat' dir='ltr'>subditos,</span> <span class='ocrx_word' id='word_1_18' title='bbox 1574 421 1641 499; x_wconf 88' lang='lat' dir='ltr'>lpsl</span> <span class='ocrx_word' id='word_1_19' title='bbox 1652 424 1745 486; x_wconf 82' lang='lat' dir='ltr'>vide·</span> 
     </span>
     <span class='ocr_line' id='line_1_3' title="bbox 86 517 1741 599; baseline 0 -15"><span class='ocrx_word' id='word_1_20' title='bbox 86 537 177 585; x_wconf 90' lang='lat' dir='ltr'>vero</span> <span class='ocrx_word' id='word_1_21' title='bbox 190 521 327 599; x_wconf 90' lang='lat' dir='ltr'>propter</span> <span class='ocrx_word' id='word_1_22' title='bbox 338 519 495 598; x_wconf 89' lang='lat' dir='ltr'>seipsum.</span> <span class='ocrx_word' id='word_1_23' title='bbox 948 517 1027 579; x_wconf 84' lang='lat' dir='ltr'>rint</span> <span class='ocrx_word' id='word_1_24' title='bbox 1042 517 1166 593; x_wconf 82' lang='lat' dir='ltr'>Vigilet</span> <span class='ocrx_word' id='word_1_25' title='bbox 1179 533 1259 596; x_wconf 91' lang='lat' dir='ltr'>ergo</span> <span class='ocrx_word' id='word_1_26' title='bbox 1274 518 1412 598; x_wconf 78' lang='lat' dir='ltr'>quilibet</span> <span class='ocrx_word' id='word_1_27' title='bbox 1425 520 1575 583; x_wconf 82' lang='lat' dir='ltr'>nostmm</span> <span class='ocrx_word' id='word_1_28' title='bbox 1589 520 1623 582; x_wconf 93' lang='lat' dir='ltr'>et</span> <span class='ocrx_word' id='word_1_29' title='bbox 1642 520 1741 584; x_wconf 84' lang='lat' dir='ltr'>labe-</span> 
     </span>
     <span class='ocr_line' id='line_1_4' title="bbox 130 614 1741 696; baseline 0.001 -16"><span class='ocrx_word' id='word_1_30' title='bbox 130 623 162 681; x_wconf 74' lang='lat' dir='ltr'>n</span> <span class='ocrx_word' id='word_1_31' title='bbox 182 618 283 680; x_wconf 86' lang='lat' dir='ltr'>laude</span> <span class='ocrx_word' id='word_1_32' title='bbox 299 617 359 679; x_wconf 91' lang='lat' dir='ltr'>Dei</span> <span class='ocrx_word' id='word_1_33' title='bbox 379 616 460 678; x_wconf 88' lang='lat' dir='ltr'>iacit</span> <span class='ocrx_word' id='word_1_34' title='bbox 478 615 645 679; x_wconf 89' lang='lat' dir='ltr'>hominem</span> <span class='ocrx_word' id='word_1_35' title='bbox 667 630 741 677; x_wconf 89' lang='lat' dir='ltr'>esse</span> <span class='ocrx_word' id='word_1_36' title='bbox 755 614 892 686; x_wconf 91' lang='lat' dir='ltr'>mutum,</span> <span class='ocrx_word' id='word_1_37' title='bbox 948 617 1000 675; x_wconf 89' lang='lat' dir='ltr'>ret</span> <span class='ocrx_word' id='word_1_38' title='bbox 1014 615 1181 693; x_wconf 89' lang='lat' dir='ltr'>implendo</span> <span class='ocrx_word' id='word_1_39' title='bbox 1202 617 1425 680; x_wconf 89' lang='lat' dir='ltr'>ministerium</span> <span class='ocrx_word' id='word_1_40' title='bbox 1444 634 1553 688; x_wconf 89' lang='lat' dir='ltr'>suum,</span> <span class='ocrx_word' id='word_1_41' title='bbox 1578 634 1661 696; x_wconf 85' lang='lat' dir='ltr'>opus</span> <span class='ocrx_word' id='word_1_42' title='bbox 1685 619 1741 681; x_wconf 85' lang='lat' dir='ltr'>ia·</span> 
     </span>
     <span class='ocr_line' id='line_1_5' title="bbox 87 711 1744 795; baseline 0.001 -18"><span class='ocrx_word' id='word_1_43' title='bbox 87 715 231 795; x_wconf 87' lang='lat' dir='ltr'>quando</span> <span class='ocrx_word' id='word_1_44' title='bbox 252 714 374 777; x_wconf 89' lang='lat' dir='ltr'>avertit</span> <span class='ocrx_word' id='word_1_45' title='bbox 390 713 534 776; x_wconf 88' lang='lat' dir='ltr'>mentem</span> <span class='ocrx_word' id='word_1_46' title='bbox 552 713 740 791; x_wconf 87' lang='lat' dir='ltr'>peccatoris</span> <span class='ocrx_word' id='word_1_47' title='bbox 752 729 795 774; x_wconf 92' lang='lat' dir='ltr'>ne</span> <span class='ocrx_word' id='word_1_48' title='bbox 809 728 894 774; x_wconf 88' lang='lat' dir='ltr'>con·</span> <span class='ocrx_word' id='word_1_49' title='bbox 942 711 1040 773; x_wconf 89' lang='lat' dir='ltr'>ciens</span> <span class='ocrx_word' id='word_1_50' title='bbox 1062 713 1276 789; x_wconf 79' lang='lat' dir='ltr'>evangelista</span> <span class='ocrx_word' id='word_1_51' title='bbox 1300 714 1372 777; x_wconf 88' lang='lat' dir='ltr'>sive</span> <span class='ocrx_word' id='word_1_52' title='bbox 1390 716 1630 794; x_wconf 88' lang='lat' dir='ltr'>praedicatoris,</span> <span class='ocrx_word' id='word_1_53' title='bbox 1655 717 1744 779; x_wconf 90' lang='lat' dir='ltr'>sicut</span> 
     </span>
     <span class='ocr_line' id='line_1_6' title="bbox 89 808 1745 889; baseline 0.001 -14"><span class='ocrx_word' id='word_1_54' title='bbox 89 813 224 876; x_wconf 84' lang='lat' dir='ltr'>siderei</span> <span class='ocrx_word' id='word_1_55' title='bbox 238 812 401 874; x_wconf 87' lang='lat' dir='ltr'>beneilcia</span> <span class='ocrx_word' id='word_1_56' title='bbox 418 826 498 889; x_wconf 24' lang='lat' dir='ltr'>,quae</span> <span class='ocrx_word' id='word_1_57' title='bbox 523 813 613 873; x_wconf 90' lang='lat' dir='ltr'>Deus</span> <span class='ocrx_word' id='word_1_58' title='bbox 637 809 777 873; x_wconf 87' lang='lat' dir='ltr'>contulit</span> <span class='ocrx_word' id='word_1_59' title='bbox 796 809 839 882; x_wconf 89' lang='lat' dir='ltr'>ei,</span> <span class='ocrx_word' id='word_1_60' title='bbox 863 809 896 870; x_wconf 88' lang='lat' dir='ltr'>et</span> <span class='ocrx_word' id='word_1_61' title='bbox 948 808 1030 871; x_wconf 90' lang='lat' dir='ltr'>dicit</span> <span class='ocrx_word' id='word_1_62' title='bbox 1052 809 1206 872; x_wconf 73' lang='lat' dir='ltr'>Pardus:</span> <span class='ocrx_word' id='word_1_63' title='bbox 1237 813 1422 888; x_wconf 71' lang='lat' dir='ltr'>Unicuique</span> <span class='ocrx_word' id='word_1_64' title='bbox 1451 815 1608 877; x_wconf 85' lang='lat' dir='ltr'>vestrum</span> <span class='ocrx_word' id='word_1_65' title='bbox 1639 816 1745 877; x_wconf 83' lang='lat' dir='ltr'>datur</span> 
     </span>
     <span class='ocr_line' id='line_1_7' title="bbox 76 907 1742 992; baseline 0.001 -21"><span class='ocrx_word' id='word_1_66' title='bbox 76 927 135 974; x_wconf 80' lang='lat' dir='ltr'>‚ne</span> <span class='ocrx_word' id='word_1_67' title='bbox 147 911 197 973; x_wconf 90' lang='lat' dir='ltr'>sit</span> <span class='ocrx_word' id='word_1_68' title='bbox 207 910 347 972; x_wconf 88' lang='lat' dir='ltr'>devotus</span> <span class='ocrx_word' id='word_1_69' title='bbox 370 909 406 971; x_wconf 91' lang='lat' dir='ltr'>in</span> <span class='ocrx_word' id='word_1_70' title='bbox 425 908 523 970; x_wconf 91' lang='lat' dir='ltr'>laude</span> <span class='ocrx_word' id='word_1_71' title='bbox 540 909 612 980; x_wconf 91' lang='lat' dir='ltr'>Dei,</span> <span class='ocrx_word' id='word_1_72' title='bbox 628 923 690 970; x_wconf 91' lang='lat' dir='ltr'>nec</span> <span class='ocrx_word' id='word_1_73' title='bbox 701 907 828 985; x_wconf 78' lang='lat' dir='ltr'>gratias</span> <span class='ocrx_word' id='word_1_74' title='bbox 840 922 896 967; x_wconf 91' lang='lat' dir='ltr'>re-</span> <span class='ocrx_word' id='word_1_75' title='bbox 947 908 1184 982; x_wconf 77' lang='lat' dir='ltr'>mantieetatio</span> <span class='ocrx_word' id='word_1_76' title='bbox 1197 911 1351 985; x_wconf 75' lang='lat' dir='ltr'>Spiritus</span> <span class='ocrx_word' id='word_1_77' title='bbox 1364 914 1410 972; x_wconf 82' lang='lat' dir='ltr'>aci</span> <span class='ocrx_word' id='word_1_78' title='bbox 1421 912 1607 974; x_wconf 75' lang='lat' dir='ltr'>utilitatem</span> <span class='ocrx_word' id='word_1_79' title='bbox 1621 909 1652 992; x_wconf 91' lang='grc' dir='ltr'>(Ι</span> <span class='ocrx_word' id='word_1_80' title='bbox 1667 914 1742 975; x_wconf 83' lang='lat' dir='ltr'>Cor.</span> 
     </span>
     <span class='ocr_line' id='line_1_8' title="bbox 89 1001 1746 1085; baseline 0.001 -14"><span class='ocrx_word' id='word_1_81' title='bbox 89 1009 182 1071; x_wconf 82' lang='lat' dir='ltr'>ferat</span> <span class='ocrx_word' id='word_1_82' title='bbox 210 1007 254 1070; x_wconf 86' lang='lat' dir='ltr'>ei.</span> <span class='ocrx_word' id='word_1_83' title='bbox 288 1006 382 1070; x_wconf 88' lang='lat' dir='ltr'>Unde</span> <span class='ocrx_word' id='word_1_84' title='bbox 406 1007 511 1068; x_wconf 86' lang='lat' dir='ltr'>Isaiae</span> <span class='ocrx_word' id='word_1_85' title='bbox 529 1026 536 1068; x_wconf 91' lang='lat'>:</span> <span class='ocrx_word' id='word_1_86' title='bbox 560 1010 653 1068; x_wconf 84' lang='lat' dir='ltr'>iuna</span> <span class='ocrx_word' id='word_1_87' title='bbox 684 1005 785 1069; x_wconf 84' lang='lat' dir='ltr'>saltet</span> <span class='ocrx_word' id='word_1_88' title='bbox 805 1003 895 1066; x_wconf 82' lang='lat' dir='ltr'>sicut</span> <span class='ocrx_word' id='word_1_89' title='bbox 942 1020 1009 1078; x_wconf 83' lang='grc' dir='ltr'><strong>ιιι,</strong></span> <span class='ocrx_word' id='word_1_90' title='bbox 1023 1001 1231 1077; x_wconf 79' lang='grc' dir='ltr'><strong>7).Ειιιιιιί;</strong></span> <span class='ocrx_word' id='word_1_91' title='bbox 1247 1009 1297 1069; x_wconf 78' lang='lat' dir='ltr'>iii</span> <span class='ocrx_word' id='word_1_92' title='bbox 1311 1011 1522 1085; x_wconf 85' lang='lat' dir='ltr'>vcrooipita,</span> <span class='ocrx_word' id='word_1_93' title='bbox 1538 1012 1746 1074; x_wconf 79' lang='lat' dir='ltr'>inomnibue</span> 
     </span>
     <span class='ocr_line' id='line_1_9' title="bbox 87 1102 1746 1181; baseline 0 -11"><span class='ocrx_word' id='word_1_94' title='bbox 87 1121 221 1170; x_wconf 83' lang='lat' dir='ltr'>cervus</span> <span class='ocrx_word' id='word_1_95' title='bbox 232 1107 383 1176; x_wconf 74' lang='lat' dir='ltr'>cluimus,</span> <span class='ocrx_word' id='word_1_96' title='bbox 395 1103 562 1178; x_wconf 89' lang='lat' dir='ltr'>etaperta</span> <span class='ocrx_word' id='word_1_97' title='bbox 573 1103 643 1165; x_wconf 87' lang='lat' dir='ltr'>erit</span> <span class='ocrx_word' id='word_1_98' title='bbox 658 1106 777 1179; x_wconf 83' lang='lat' dir='ltr'>iinpua</span> <span class='ocrx_word' id='word_1_99' title='bbox 785 1102 896 1164; x_wconf 88' lang='lat' dir='ltr'>muto·</span> <span class='ocrx_word' id='word_1_100' title='bbox 949 1105 1077 1179; x_wconf 79' lang='lat' dir='ltr'>labora,</span> <span class='ocrx_word' id='word_1_101' title='bbox 1094 1118 1180 1179; x_wconf 83' lang='lat' dir='ltr'>opus</span> <span class='ocrx_word' id='word_1_102' title='bbox 1190 1105 1247 1178; x_wconf 80' lang='lat' dir='ltr'>sac</span> <span class='ocrx_word' id='word_1_103' title='bbox 1264 1106 1495 1181; x_wconf 77' lang='lat' dir='ltr'>eoanpetistre,</span> <span class='ocrx_word' id='word_1_104' title='bbox 1509 1108 1746 1171; x_wconf 80' lang='lat' dir='ltr'>ministerium</span> 
     </span>
     <span class='ocr_line' id='line_1_10' title="bbox 88 1198 1746 1283; baseline 0 -17"><span class='ocrx_word' id='word_1_105' title='bbox 88 1219 176 1267; x_wconf 75' lang='lat' dir='ltr'>rum</span> <span class='ocrx_word' id='word_1_106' title='bbox 191 1202 252 1282; x_wconf 87' lang='lat' dir='ltr'>(is.</span> <span class='ocrx_word' id='word_1_107' title='bbox 267 1217 374 1274; x_wconf 84' lang='grc' dir='ltr'><strong>ιιιι,</strong></span> <span class='ocrx_word' id='word_1_108' title='bbox 396 1198 442 1279; x_wconf 85' lang='lat' dir='ltr'>ti).</span> <span class='ocrx_word' id='word_1_109' title='bbox 463 1201 547 1263; x_wconf 85' lang='lat' dir='ltr'>Muti</span> <span class='ocrx_word' id='word_1_110' title='bbox 561 1201 640 1262; x_wconf 91' lang='lat' dir='ltr'>sunt</span> <span class='ocrx_word' id='word_1_111' title='bbox 654 1200 712 1278; x_wconf 96' lang='lat' dir='ltr'>qui</span> <span class='ocrx_word' id='word_1_112' title='bbox 726 1201 895 1262; x_wconf 84' lang='lat' dir='ltr'>cessante</span> <span class='ocrx_word' id='word_1_113' title='bbox 950 1199 1160 1276; x_wconf 86' lang='lat' dir='ltr'>tuumimpie</span> <span class='ocrx_word' id='word_1_114' title='bbox 1186 1199 1232 1281; x_wconf 89' lang='lat'>(11</span> <span class='ocrx_word' id='word_1_115' title='bbox 1243 1201 1327 1263; x_wconf 83' lang='lat' dir='ltr'>Tim.</span> <span class='ocrx_word' id='word_1_116' title='bbox 1338 1217 1386 1275; x_wconf 85' lang='grc' dir='ltr'>ιι,</span> <span class='ocrx_word' id='word_1_117' title='bbox 1407 1200 1453 1283; x_wconf 82' lang='grc'>5),</span> <span class='ocrx_word' id='word_1_118' title='bbox 1469 1203 1506 1266; x_wconf 88' lang='grc' dir='ltr'>ιιι</span> <span class='ocrx_word' id='word_1_119' title='bbox 1518 1202 1746 1271; x_wconf 71' lang='lat' dir='ltr'>tetimonium</span> 
     </span>
     <span class='ocr_line' id='line_1_11' title="bbox 89 1296 1746 1376; baseline 0.001 -13"><span class='ocrx_word' id='word_1_120' title='bbox 89 1301 195 1365; x_wconf 88' lang='lat' dir='ltr'>laude</span> <span class='ocrx_word' id='word_1_121' title='bbox 217 1299 289 1362; x_wconf 86' lang='lat' dir='ltr'>Dei.</span> <span class='ocrx_word' id='word_1_122' title='bbox 312 1300 441 1376; x_wconf 82' lang='lat' dir='ltr'>Lingua</span> <span class='ocrx_word' id='word_1_123' title='bbox 455 1300 621 1362; x_wconf 89' lang='lat' dir='ltr'>mutorum</span> <span class='ocrx_word' id='word_1_124' title='bbox 636 1298 795 1376; x_wconf 88' lang='lat' dir='ltr'>aperitur,</span> <span class='ocrx_word' id='word_1_125' title='bbox 812 1312 897 1375; x_wconf 92' lang='lat' dir='ltr'>quo-</span> <span class='ocrx_word' id='word_1_126' title='bbox 948 1296 1042 1361; x_wconf 88' lang='lat' dir='ltr'>tuum</span> <span class='ocrx_word' id='word_1_127' title='bbox 1054 1299 1098 1361; x_wconf 89' lang='lat' dir='ltr'>sit</span> <span class='ocrx_word' id='word_1_128' title='bbox 1112 1299 1278 1361; x_wconf 90' lang='lat' dir='ltr'>laudabile</span> <span class='ocrx_word' id='word_1_129' title='bbox 1298 1315 1412 1363; x_wconf 88' lang='lat' dir='ltr'>coram</span> <span class='ocrx_word' id='word_1_130' title='bbox 1426 1301 1577 1363; x_wconf 87' lang='lat' dir='ltr'>Domino.</span> <span class='ocrx_word' id='word_1_131' title='bbox 1593 1302 1624 1364; x_wconf 92' lang='lat' dir='ltr'>N</span> <span class='ocrx_word' id='word_1_132' title='bbox 1626 1318 1663 1365; x_wconf 89' lang='lat' dir='ltr'>os</span> <span class='ocrx_word' id='word_1_133' title='bbox 1676 1303 1746 1365; x_wconf 91' lang='lat' dir='ltr'>ita-</span> 
     </span>
     <span class='ocr_line' id='line_1_12' title="bbox 88 1394 1747 1474; baseline 0.001 -12"><span class='ocrx_word' id='word_1_134' title='bbox 88 1399 157 1462; x_wconf 83' lang='lat' dir='ltr'>ties</span> <span class='ocrx_word' id='word_1_135' title='bbox 178 1397 341 1462; x_wconf 81' lang='lat' dir='ltr'>Dominus</span> <span class='ocrx_word' id='word_1_136' title='bbox 359 1395 567 1459; x_wconf 77' lang='lat' dir='ltr'>benedicitur</span> <span class='ocrx_word' id='word_1_137' title='bbox 587 1395 630 1458; x_wconf 88' lang='lat' dir='ltr'>ab</span> <span class='ocrx_word' id='word_1_138' title='bbox 650 1396 730 1457; x_wconf 88' lang='lat' dir='ltr'>illis.</span> <span class='ocrx_word' id='word_1_139' title='bbox 752 1395 846 1458; x_wconf 86' lang='lat' dir='ltr'>Unde</span> <span class='ocrx_word' id='word_1_140' title='bbox 859 1394 895 1457; x_wconf 90' lang='lat' dir='ltr'>in</span> <span class='ocrx_word' id='word_1_141' title='bbox 949 1411 1025 1474; x_wconf 88' lang='lat' dir='ltr'>que,</span> <span class='ocrx_word' id='word_1_142' title='bbox 1047 1395 1179 1471; x_wconf 71' lang='lat' dir='ltr'>nabes,</span> <span class='ocrx_word' id='word_1_143' title='bbox 1196 1397 1226 1459; x_wconf 91' lang='lat' dir='ltr'>si</span> <span class='ocrx_word' id='word_1_144' title='bbox 1241 1397 1337 1461; x_wconf 90' lang='lat' dir='ltr'>nobie</span> <span class='ocrx_word' id='word_1_145' title='bbox 1356 1397 1480 1460; x_wconf 90' lang='lat' dir='ltr'>dictum</span> <span class='ocrx_word' id='word_1_146' title='bbox 1495 1400 1566 1462; x_wconf 88' lang='lat' dir='ltr'>est:</span> <span class='ocrx_word' id='word_1_147' title='bbox 1583 1403 1747 1464; x_wconf 80' lang='lat' dir='ltr'>Praedica</span> 
     </span>
     <span class='ocr_line' id='line_1_13' title="bbox 90 1494 1744 1572; baseline 0.002 -13"><span class='ocrx_word' id='word_1_148' title='bbox 90 1494 302 1572; x_wconf 78' lang='lat' dir='ltr'>Evangelio:</span> <span class='ocrx_word' id='word_1_149' title='bbox 330 1496 488 1559; x_wconf 72' lang='lat' dir='ltr'>Vidamas</span> <span class='ocrx_word' id='word_1_150' title='bbox 505 1494 625 1556; x_wconf 91' lang='lat' dir='ltr'>autem</span> <span class='ocrx_word' id='word_1_151' title='bbox 642 1497 820 1570; x_wconf 84' lang='lat' dir='ltr'>principes</span> <span class='ocrx_word' id='word_1_152' title='bbox 836 1508 896 1555; x_wconf 82' lang='lat' dir='ltr'>sa-</span> <span class='ocrx_word' id='word_1_153' title='bbox 949 1496 1103 1568; x_wconf 85' lang='lat' dir='ltr'>oerimm,</span> <span class='ocrx_word' id='word_1_154' title='bbox 1128 1497 1223 1559; x_wconf 79' lang='lat' dir='ltr'>insta</span> <span class='ocrx_word' id='word_1_155' title='bbox 1249 1496 1451 1572; x_wconf 86' lang='lat' dir='ltr'>opportune,</span> <span class='ocrx_word' id='word_1_156' title='bbox 1477 1497 1512 1559; x_wconf 88' lang='lat' dir='ltr'>et</span> <span class='ocrx_word' id='word_1_157' title='bbox 1535 1497 1744 1572; x_wconf 81' lang='lat' dir='ltr'>importune,</span> 
     </span>
     <span class='ocr_line' id='line_1_14' title="bbox 88 1586 1744 1670; baseline -0.002 -13"><span class='ocrx_word' id='word_1_158' title='bbox 88 1594 277 1657; x_wconf 79' lang='lat' dir='ltr'>cardetum</span> <span class='ocrx_word' id='word_1_159' title='bbox 290 1592 459 1655; x_wconf 71' lang='lat' dir='ltr'>eiscmbae</span> <span class='ocrx_word' id='word_1_160' title='bbox 471 1594 646 1654; x_wconf 81' lang='lat' dir='ltr'>miratiiia</span> <span class='ocrx_word' id='word_1_161' title='bbox 660 1591 896 1666; x_wconf 75' lang='lat' dir='ltr'>quasaciebat</span> <span class='ocrx_word' id='word_1_162' title='bbox 949 1601 1070 1663; x_wconf 85' lang='lat' dir='ltr'>arpue,</span> <span class='ocrx_word' id='word_1_163' title='bbox 1094 1589 1250 1661; x_wconf 82' lang='lat' dir='ltr'>obscura,</span> <span class='ocrx_word' id='word_1_164' title='bbox 1275 1590 1418 1663; x_wconf 86' lang='lat' dir='ltr'>increpa</span> <span class='ocrx_word' id='word_1_165' title='bbox 1437 1586 1484 1667; x_wconf 91' lang='grc' dir='ltr'>(ΙΙ</span> <span class='ocrx_word' id='word_1_166' title='bbox 1506 1589 1591 1652; x_wconf 84' lang='lat' dir='ltr'>Tim.</span> <span class='ocrx_word' id='word_1_167' title='bbox 1613 1605 1661 1663; x_wconf 85' lang='grc' dir='ltr'>ιι,</span> <span class='ocrx_word' id='word_1_168' title='bbox 1687 1589 1744 1670; x_wconf 82' lang='lat'>2);</span> 
     </span>
     <span class='ocr_line' id='line_1_15' title="bbox 87 1683 1747 1766; baseline -0.002 -12"><span class='ocrx_word' id='word_1_169' title='bbox 87 1695 209 1764; x_wconf 76' lang='lat' dir='ltr'>iesus,</span> <span class='ocrx_word' id='word_1_170' title='bbox 233 1691 268 1753; x_wconf 91' lang='lat' dir='ltr'>et</span> <span class='ocrx_word' id='word_1_171' title='bbox 290 1704 422 1766; x_wconf 82' lang='lat' dir='ltr'>pueros</span> <span class='ocrx_word' id='word_1_172' title='bbox 449 1690 631 1752; x_wconf 78' lang='lat' dir='ltr'>mactantes</span> <span class='ocrx_word' id='word_1_173' title='bbox 649 1691 837 1751; x_wconf 88' lang='lat' dir='ltr'>Dominum</span> <span class='ocrx_word' id='word_1_174' title='bbox 861 1689 897 1751; x_wconf 87' lang='lat' dir='ltr'>et</span> <span class='ocrx_word' id='word_1_175' title='bbox 949 1683 999 1744; x_wconf 82' lang='lat' dir='ltr'>sic</span> <span class='ocrx_word' id='word_1_176' title='bbox 1012 1683 1189 1760; x_wconf 83' lang='lat' dir='ltr'>vigilemus</span> <span class='ocrx_word' id='word_1_177' title='bbox 1203 1686 1238 1746; x_wconf 92' lang='lat' dir='ltr'>et</span> <span class='ocrx_word' id='word_1_178' title='bbox 1259 1683 1295 1745; x_wconf 93' lang='lat' dir='ltr'>in</span> <span class='ocrx_word' id='word_1_179' title='bbox 1316 1684 1469 1746; x_wconf 90' lang='lat' dir='ltr'>omnibus</span> <span class='ocrx_word' id='word_1_180' title='bbox 1485 1685 1687 1760; x_wconf 89' lang='lat' dir='ltr'>laboremus,</span> <span class='ocrx_word' id='word_1_181' title='bbox 1710 1688 1747 1751; x_wconf 91' lang='lat' dir='ltr'>ut</span> 
     </span>
     <span class='ocr_line' id='line_1_16' title="bbox 89 1779 1746 1861; baseline -0.002 -10"><span class='ocrx_word' id='word_1_182' title='bbox 89 1789 252 1852; x_wconf 82' lang='lat' dir='ltr'>dicentes</span> <span class='ocrx_word' id='word_1_183' title='bbox 265 1807 278 1851; x_wconf 92' lang='lat'>.·</span> <span class='ocrx_word' id='word_1_184' title='bbox 291 1788 499 1855; x_wconf 76' lang='lat' dir='ltr'>Benedictus</span> <span class='ocrx_word' id='word_1_185' title='bbox 516 1789 576 1861; x_wconf 89' lang='lat' dir='ltr'>qui</span> <span class='ocrx_word' id='word_1_186' title='bbox 593 1787 688 1848; x_wconf 80' lang='lat' dir='ltr'>venii</span> <span class='ocrx_word' id='word_1_187' title='bbox 706 1789 744 1847; x_wconf 88' lang='lat' dir='ltr'>in</span> <span class='ocrx_word' id='word_1_188' title='bbox 757 1789 896 1849; x_wconf 83' lang='lat' dir='ltr'>normae</span> <span class='ocrx_word' id='word_1_189' title='bbox 949 1796 1032 1858; x_wconf 89' lang='lat' dir='ltr'>opus</span> <span class='ocrx_word' id='word_1_190' title='bbox 1059 1779 1221 1843; x_wconf 86' lang='lat' dir='ltr'>iaciamus</span> <span class='ocrx_word' id='word_1_191' title='bbox 1258 1782 1493 1859; x_wconf 68' lang='lat' dir='ltr'>evangeliste,</span> <span class='ocrx_word' id='word_1_192' title='bbox 1528 1784 1564 1845; x_wconf 92' lang='lat' dir='ltr'>et</span> <span class='ocrx_word' id='word_1_193' title='bbox 1595 1785 1746 1847; x_wconf 75' lang='lat' dir='ltr'>noenum</span> 
     </span>
     <span class='ocr_line' id='line_1_17' title="bbox 89 1878 1745 1960; baseline -0.004 -10"><span class='ocrx_word' id='word_1_194' title='bbox 89 1889 249 1958; x_wconf 81' lang='lat' dir='ltr'>Domini,</span> <span class='ocrx_word' id='word_1_195' title='bbox 276 1888 445 1948; x_wconf 81' lang='lat' dir='ltr'>Hoeanna</span> <span class='ocrx_word' id='word_1_196' title='bbox 470 1887 505 1946; x_wconf 86' lang='lat' dir='ltr'>in</span> <span class='ocrx_word' id='word_1_197' title='bbox 536 1887 698 1956; x_wconf 66' lang='lat' dir='ltr'>eccene,</span> <span class='ocrx_word' id='word_1_198' title='bbox 724 1884 896 1959; x_wconf 80' lang='lat' dir='ltr'>indignati</span> <span class='ocrx_word' id='word_1_199' title='bbox 948 1878 1171 1940; x_wconf 88' lang='lat' dir='ltr'>ministerium</span> <span class='ocrx_word' id='word_1_200' title='bbox 1187 1878 1395 1957; x_wconf 87' lang='lat' dir='ltr'>impleamus.</span> <span class='ocrx_word' id='word_1_201' title='bbox 1413 1881 1449 1941; x_wconf 91' lang='lat' dir='ltr'>Si</span> <span class='ocrx_word' id='word_1_202' title='bbox 1463 1896 1578 1942; x_wconf 90' lang='lat' dir='ltr'>sumus</span> <span class='ocrx_word' id='word_1_203' title='bbox 1593 1883 1745 1960; x_wconf 86' lang='lat' dir='ltr'>pastores</span> 
     </span>
     <span class='ocr_line' id='line_1_18' title="bbox 88 1976 1744 2056; baseline -0.004 -7"><span class='ocrx_word' id='word_1_204' title='bbox 88 1983 679 2056; x_wconf 73' lang='lat' dir='ltr'>mnteianaumeisiuanqaoa</span> <span class='ocrx_word' id='word_1_205' title='bbox 688 1980 895 2043; x_wconf 85' lang='lat' dir='ltr'>istidicunti</span> <span class='ocrx_word' id='word_1_206' title='bbox 950 1976 1062 2039; x_wconf 88' lang='lat' dir='ltr'>ovium</span> <span class='ocrx_word' id='word_1_207' title='bbox 1086 1976 1206 2055; x_wconf 88' lang='lat' dir='ltr'>quibus</span> <span class='ocrx_word' id='word_1_208' title='bbox 1232 1976 1377 2041; x_wconf 86' lang='lat' dir='ltr'>dicitur:</span> <span class='ocrx_word' id='word_1_209' title='bbox 1408 1982 1518 2041; x_wconf 85' lang='lat' dir='ltr'>Pasce</span> <span class='ocrx_word' id='word_1_210' title='bbox 1539 1993 1620 2042; x_wconf 82' lang='lat' dir='ltr'>oves</span> <span class='ocrx_word' id='word_1_211' title='bbox 1646 1993 1744 2043; x_wconf 76' lang='lat' dir='ltr'>meae</span> 
     </span>
     <span class='ocr_line' id='line_1_19' title="bbox 89 2072 1748 2155; baseline -0.004 -11"><span class='ocrx_word' id='word_1_212' title='bbox 89 2084 198 2144; x_wconf 74' lang='lat' dir='ltr'>iestis</span> <span class='ocrx_word' id='word_1_213' title='bbox 216 2080 334 2142; x_wconf 89' lang='lat' dir='ltr'>autem</span> <span class='ocrx_word' id='word_1_214' title='bbox 355 2079 448 2141; x_wconf 75' lang='lat' dir='ltr'>dicit</span> <span class='ocrx_word' id='word_1_215' title='bbox 463 2081 535 2141; x_wconf 82' lang='lat' dir='ltr'>eis.</span> <span class='ocrx_word' id='word_1_216' title='bbox 532 2095 539 2110; x_wconf 94' lang='lat'><strong>·</strong></span> <span class='ocrx_word' id='word_1_217' title='bbox 557 2081 679 2140; x_wconf 81' lang='lat' dir='ltr'>Audio</span> <span class='ocrx_word' id='word_1_218' title='bbox 695 2081 896 2153; x_wconf 85' lang='lat' dir='ltr'>Numquam</span> <span class='ocrx_word' id='word_1_219' title='bbox 950 2072 1060 2152; x_wconf 85' lang='lat' dir='ltr'>(ioan.</span> <span class='ocrx_word' id='word_1_220' title='bbox 1073 2089 1145 2144; x_wconf 88' lang='grc' dir='ltr'><strong>ιιι,</strong></span> <span class='ocrx_word' id='word_1_221' title='bbox 1162 2072 1226 2155; x_wconf 81' lang='grc'>17),</span> <span class='ocrx_word' id='word_1_222' title='bbox 1240 2074 1289 2136; x_wconf 90' lang='lat' dir='ltr'>sic</span> <span class='ocrx_word' id='word_1_223' title='bbox 1306 2074 1462 2137; x_wconf 86' lang='lat' dir='ltr'>debemus</span> <span class='ocrx_word' id='word_1_224' title='bbox 1483 2091 1563 2139; x_wconf 88' lang='lat' dir='ltr'>oves</span> <span class='ocrx_word' id='word_1_225' title='bbox 1575 2092 1654 2137; x_wconf 91' lang='lat' dir='ltr'>suas</span> <span class='ocrx_word' id='word_1_226' title='bbox 1667 2092 1748 2154; x_wconf 89' lang='lat' dir='ltr'>pas-</span> 
     </span>
     <span class='ocr_line' id='line_1_20' title="bbox 89 2171 1744 2255; baseline -0.004 -14"><span class='ocrx_word' id='word_1_227' title='bbox 89 2179 229 2255; x_wconf 81' lang='lat' dir='ltr'>icpietis</span> <span class='ocrx_word' id='word_1_228' title='bbox 244 2179 333 2253; x_wconf 84' lang='lat' dir='ltr'>qued</span> <span class='ocrx_word' id='word_1_229' title='bbox 355 2191 403 2239; x_wconf 76' lang='lat' dir='ltr'>ecc</span> <span class='ocrx_word' id='word_1_230' title='bbox 425 2190 486 2238; x_wconf 90' lang='lat' dir='ltr'>ore</span> <span class='ocrx_word' id='word_1_231' title='bbox 504 2176 632 2250; x_wconf 58' lang='lat' dir='ltr'>Musoni</span> <span class='ocrx_word' id='word_1_232' title='bbox 632 2190 733 2238; x_wconf 89' lang='lat' dir='ltr'>ume</span> <span class='ocrx_word' id='word_1_233' title='bbox 734 2175 894 2239; x_wconf 89' lang='lat' dir='ltr'>t-tacten</span> <span class='ocrx_word' id='word_1_234' title='bbox 950 2186 1037 2243; x_wconf 89' lang='lat' dir='ltr'>cere,</span> <span class='ocrx_word' id='word_1_235' title='bbox 1054 2171 1101 2245; x_wconf 88' lang='lat' dir='ltr'>ut,</span> <span class='ocrx_word' id='word_1_236' title='bbox 1116 2172 1272 2233; x_wconf 89' lang='lat' dir='ltr'>veniente</span> <span class='ocrx_word' id='word_1_237' title='bbox 1295 2171 1385 2248; x_wconf 89' lang='lat' dir='ltr'>lupo,</span> <span class='ocrx_word' id='word_1_238' title='bbox 1402 2188 1477 2234; x_wconf 91' lang='lat' dir='ltr'>cum</span> <span class='ocrx_word' id='word_1_239' title='bbox 1491 2172 1578 2234; x_wconf 90' lang='lat' dir='ltr'>bono</span> <span class='ocrx_word' id='word_1_240' title='bbox 1599 2175 1744 2251; x_wconf 88' lang='lat' dir='ltr'>pastore,</span> 
     </span>
     <span class='ocr_line' id='line_1_21' title="bbox 91 2268 1748 2352; baseline -0.001 -16"><span class='ocrx_word' id='word_1_241' title='bbox 91 2275 185 2336; x_wconf 85' lang='lat' dir='ltr'>itum</span> <span class='ocrx_word' id='word_1_242' title='bbox 198 2273 381 2351; x_wconf 74' lang='lat' dir='ltr'>perfecisti</span> <span class='ocrx_word' id='word_1_243' title='bbox 400 2275 537 2335; x_wconf 86' lang='lat' dir='ltr'>laudem</span> <span class='ocrx_word' id='word_1_244' title='bbox 559 2270 690 2352; x_wconf 87' lang='lat' dir='ltr'>(Mattb.</span> <span class='ocrx_word' id='word_1_245' title='bbox 716 2287 788 2345; x_wconf 95' lang='grc' dir='ltr'><strong>ιιι,</strong></span> <span class='ocrx_word' id='word_1_246' title='bbox 809 2273 848 2334; x_wconf 87' lang='lat'>15</span> <span class='ocrx_word' id='word_1_247' title='bbox 862 2273 897 2334; x_wconf 91' lang='lat' dir='ltr'>et</span> <span class='ocrx_word' id='word_1_248' title='bbox 950 2268 1081 2330; x_wconf 87' lang='lat' dir='ltr'>animae</span> <span class='ocrx_word' id='word_1_249' title='bbox 1106 2268 1237 2330; x_wconf 86' lang='lat' dir='ltr'>nostras</span> <span class='ocrx_word' id='word_1_250' title='bbox 1255 2284 1417 2347; x_wconf 88' lang='lat' dir='ltr'>ponamus</span> <span class='ocrx_word' id='word_1_251' title='bbox 1445 2284 1505 2348; x_wconf 91' lang='lat' dir='ltr'>pro</span> <span class='ocrx_word' id='word_1_252' title='bbox 1525 2269 1642 2332; x_wconf 88' lang='lat' dir='ltr'>ovibus</span> <span class='ocrx_word' id='word_1_253' title='bbox 1665 2287 1748 2334; x_wconf 89' lang='lat' dir='ltr'>nos·</span> 
     </span>
     <span class='ocr_line' id='line_1_22' title="bbox 89 2365 1023 2451; baseline -0.011 -17"><span class='ocrx_word' id='word_1_254' title='bbox 89 2388 165 2450; x_wconf 85' lang='lat' dir='ltr'>seq.</span> <span class='ocrx_word' id='word_1_255' title='bbox 168 2369 197 2451; x_wconf 90' lang='lat'>).</span> <span class='ocrx_word' id='word_1_256' title='bbox 215 2374 389 2433; x_wconf 83' lang='lat' dir='ltr'>Daemones</span> <span class='ocrx_word' id='word_1_257' title='bbox 407 2369 497 2431; x_wconf 90' lang='lat' dir='ltr'>enim</span> <span class='ocrx_word' id='word_1_258' title='bbox 511 2369 569 2446; x_wconf 90' lang='lat' dir='ltr'>qui</span> <span class='ocrx_word' id='word_1_259' title='bbox 583 2385 642 2447; x_wconf 91' lang='lat' dir='ltr'>per</span> <span class='ocrx_word' id='word_1_260' title='bbox 657 2368 824 2446; x_wconf 84' lang='lat' dir='ltr'>principes</span> <span class='ocrx_word' id='word_1_261' title='bbox 835 2384 895 2431; x_wconf 91' lang='lat' dir='ltr'>sa·</span> <span class='ocrx_word' id='word_1_262' title='bbox 949 2365 1023 2425; x_wconf 89' lang='lat' dir='ltr'>tris.</span> 
     </span>
     <span class='ocr_line' id='line_1_23' title="bbox 90 2461 1745 2543; baseline -0.003 -12"><span class='ocrx_word' id='word_1_263' title='bbox 90 2468 273 2531; x_wconf 87' lang='lat' dir='ltr'>cerdotum</span> <span class='ocrx_word' id='word_1_264' title='bbox 290 2466 532 2543; x_wconf 89' lang='lat' dir='ltr'>intelliguntur,</span> <span class='ocrx_word' id='word_1_265' title='bbox 554 2465 701 2542; x_wconf 89' lang='lat' dir='ltr'>quotidie</span> <span class='ocrx_word' id='word_1_266' title='bbox 712 2463 896 2542; x_wconf 87' lang='lat' dir='ltr'>indignan-</span> <span class='ocrx_word' id='word_1_267' title='bbox 992 2461 1028 2523; x_wconf 88' lang='lat' dir='ltr'>Si</span> <span class='ocrx_word' id='word_1_268' title='bbox 1041 2462 1266 2540; x_wconf 83' lang='lat' dir='ltr'>speculatores</span> <span class='ocrx_word' id='word_1_269' title='bbox 1281 2461 1350 2526; x_wconf 88' lang='lat' dir='ltr'>dati</span> <span class='ocrx_word' id='word_1_270' title='bbox 1365 2479 1480 2525; x_wconf 90' lang='lat' dir='ltr'>sumus</span> <span class='ocrx_word' id='word_1_271' title='bbox 1501 2463 1612 2527; x_wconf 91' lang='lat' dir='ltr'>domui</span> <span class='ocrx_word' id='word_1_272' title='bbox 1626 2465 1745 2543; x_wconf 83' lang='lat' dir='ltr'>Israel,</span> 
     </span>
     <span class='ocr_line' id='line_1_24' title="bbox 88 2558 1743 2642; baseline -0.002 -13"><span class='ocrx_word' id='word_1_273' title='bbox 88 2566 150 2629; x_wconf 89' lang='lat' dir='ltr'>tur</span> <span class='ocrx_word' id='word_1_274' title='bbox 166 2565 284 2628; x_wconf 89' lang='lat' dir='ltr'>contra</span> <span class='ocrx_word' id='word_1_275' title='bbox 297 2579 355 2627; x_wconf 85' lang='lat' dir='ltr'>eos</span> <span class='ocrx_word' id='word_1_276' title='bbox 367 2581 424 2642; x_wconf 81' lang='lat' dir='ltr'>qur</span> <span class='ocrx_word' id='word_1_277' title='bbox 414 2563 587 2626; x_wconf 88' lang='lat' dir='ltr'>serviunt</span> <span class='ocrx_word' id='word_1_278' title='bbox 605 2563 766 2636; x_wconf 80' lang='lat' dir='ltr'>Creatori,</span> <span class='ocrx_word' id='word_1_279' title='bbox 790 2565 823 2625; x_wconf 90' lang='lat' dir='ltr'>et</span> <span class='ocrx_word' id='word_1_280' title='bbox 836 2563 895 2627; x_wconf 93' lang='lat' dir='ltr'>Dei</span> <span class='ocrx_word' id='word_1_281' title='bbox 949 2558 1168 2637; x_wconf 88' lang='lat' dir='ltr'>ipsodicente</span> <span class='ocrx_word' id='word_1_282' title='bbox 1191 2559 1234 2621; x_wconf 92' lang='lat' dir='ltr'>ad</span> <span class='ocrx_word' id='word_1_283' title='bbox 1254 2560 1416 2638; x_wconf 88' lang='lat' dir='ltr'>impium:</span> <span class='ocrx_word' id='word_1_284' title='bbox 1441 2563 1554 2625; x_wconf 89' lang='lat' dir='ltr'>morte</span> <span class='ocrx_word' id='word_1_285' title='bbox 1567 2565 1743 2637; x_wconf 75' lang='lat' dir='ltr'>morieris,</span> 
     </span>
     <span class='ocr_line' id='line_1_25' title="bbox 89 2656 1744 2740; baseline -0.002 -16"><span class='ocrx_word' id='word_1_286' title='bbox 89 2661 257 2725; x_wconf 89' lang='lat' dir='ltr'>laudibus</span> <span class='ocrx_word' id='word_1_287' title='bbox 271 2678 355 2740; x_wconf 91' lang='lat' dir='ltr'>pure</span> <span class='ocrx_word' id='word_1_288' title='bbox 374 2661 544 2736; x_wconf 90' lang='lat' dir='ltr'>insistunt,</span> <span class='ocrx_word' id='word_1_289' title='bbox 567 2661 601 2724; x_wconf 90' lang='lat' dir='ltr'>et</span> <span class='ocrx_word' id='word_1_290' title='bbox 619 2660 765 2738; x_wconf 88' lang='lat' dir='ltr'>quotidie</span> <span class='ocrx_word' id='word_1_291' title='bbox 779 2661 828 2724; x_wconf 88' lang='lat' dir='ltr'>eis</span> <span class='ocrx_word' id='word_1_292' title='bbox 842 2661 896 2722; x_wconf 92' lang='lat' dir='ltr'>in·</span> <span class='ocrx_word' id='word_1_293' title='bbox 950 2656 1107 2719; x_wconf 89' lang='lat' dir='ltr'>debemus</span> <span class='ocrx_word' id='word_1_294' title='bbox 1122 2658 1325 2720; x_wconf 89' lang='lat' dir='ltr'>annuntiare</span> <span class='ocrx_word' id='word_1_295' title='bbox 1337 2658 1399 2731; x_wconf 92' lang='lat' dir='ltr'>illi,</span> <span class='ocrx_word' id='word_1_296' title='bbox 1416 2662 1454 2721; x_wconf 92' lang='lat' dir='ltr'>ut</span> <span class='ocrx_word' id='word_1_297' title='bbox 1471 2658 1650 2723; x_wconf 84' lang='lat' dir='ltr'>liberemus</span> <span class='ocrx_word' id='word_1_298' title='bbox 1665 2660 1744 2721; x_wconf 90' lang='lat' dir='ltr'>ani·</span> 
     </span>
     <span class='ocr_line' id='line_1_26' title="bbox 91 2755 1745 2837; baseline -0.001 -16"><span class='ocrx_word' id='word_1_299' title='bbox 91 2759 266 2823; x_wconf 74' lang='lat' dir='ltr'>sitiuntur</span> <span class='ocrx_word' id='word_1_300' title='bbox 279 2759 465 2837; x_wconf 91' lang='lat' dir='ltr'>etcupiunt</span> <span class='ocrx_word' id='word_1_301' title='bbox 478 2774 536 2821; x_wconf 91' lang='lat' dir='ltr'>eos</span> <span class='ocrx_word' id='word_1_302' title='bbox 555 2759 742 2836; x_wconf 90' lang='lat' dir='ltr'>opprimere</span> <span class='ocrx_word' id='word_1_303' title='bbox 757 2773 897 2836; x_wconf 86' lang='lat' dir='ltr'>sugges-</span> <span class='ocrx_word' id='word_1_304' title='bbox 949 2772 1021 2817; x_wconf 89' lang='lat' dir='ltr'>mas</span> <span class='ocrx_word' id='word_1_305' title='bbox 1043 2755 1186 2825; x_wconf 85' lang='lat' dir='ltr'>nostras,</span> <span class='ocrx_word' id='word_1_306' title='bbox 1210 2772 1253 2818; x_wconf 92' lang='lat' dir='ltr'>ne</span> <span class='ocrx_word' id='word_1_307' title='bbox 1272 2755 1358 2818; x_wconf 86' lang='lat' dir='ltr'>torte</span> <span class='ocrx_word' id='word_1_308' title='bbox 1382 2758 1579 2834; x_wconf 90' lang='lat' dir='ltr'>sanguinem</span> <span class='ocrx_word' id='word_1_309' title='bbox 1604 2760 1678 2836; x_wconf 88' lang='lat' dir='ltr'>ejus</span> <span class='ocrx_word' id='word_1_310' title='bbox 1703 2756 1745 2820; x_wconf 89' lang='lat' dir='ltr'>de</span> 
     </span>
     <span class='ocr_line' id='line_1_27' title="bbox 91 2845 1746 2935; baseline -0.001 -17"><span class='ocrx_word' id='word_1_311' title='bbox 91 2855 247 2919; x_wconf 85' lang='lat' dir='ltr'>tionibus</span> <span class='ocrx_word' id='word_1_312' title='bbox 259 2858 372 2935; x_wconf 89' lang='lat' dir='ltr'>pravis</span> <span class='ocrx_word' id='word_1_313' title='bbox 386 2858 420 2920; x_wconf 94' lang='lat' dir='ltr'>et</span> <span class='ocrx_word' id='word_1_314' title='bbox 430 2855 671 2921; x_wconf 85' lang='lat' dir='ltr'>tentationibus</span> <span class='ocrx_word' id='word_1_315' title='bbox 693 2855 845 2929; x_wconf 84' lang='lat' dir='ltr'>diversis,</span> <span class='ocrx_word' id='word_1_316' title='bbox 859 2856 896 2918; x_wconf 90' lang='lat' dir='ltr'>ut</span> <span class='ocrx_word' id='word_1_317' title='bbox 949 2869 1051 2915; x_wconf 90' lang='lat' dir='ltr'>manu</span> <span class='ocrx_word' id='word_1_318' title='bbox 1071 2853 1186 2917; x_wconf 87' lang='lat' dir='ltr'>nostra</span> <span class='ocrx_word' id='word_1_319' title='bbox 1209 2854 1369 2916; x_wconf 86' lang='lat' dir='ltr'>Dominus</span> <span class='ocrx_word' id='word_1_320' title='bbox 1392 2856 1552 2934; x_wconf 90' lang='lat' dir='ltr'>requirat,</span> <span class='ocrx_word' id='word_1_321' title='bbox 1572 2856 1660 2921; x_wconf 89' lang='lat' dir='ltr'>sicut</span> <span class='ocrx_word' id='word_1_322' title='bbox 1685 2845 1746 2934; x_wconf 86' lang='lat' dir='ltr'>per</span> 
     </span>
     <span class='ocr_line' id='line_1_28' title="bbox 82 2950 1744 3030; baseline 0.001 -17"><span class='ocrx_word' id='word_1_323' title='bbox 82 2970 116 3017; x_wconf 81' lang='lat' dir='ltr'>‚a</span> <span class='ocrx_word' id='word_1_324' title='bbox 131 2953 292 3016; x_wconf 88' lang='lat' dir='ltr'>laudibus</span> <span class='ocrx_word' id='word_1_325' title='bbox 302 2953 485 3017; x_wconf 89' lang='lat' dir='ltr'>conditoris</span> <span class='ocrx_word' id='word_1_326' title='bbox 493 2953 732 3016; x_wconf 89' lang='lat' dir='ltr'>obmutescant.</span> <span class='ocrx_word' id='word_1_327' title='bbox 749 2953 843 3017; x_wconf 90' lang='lat' dir='ltr'>Unde</span> <span class='ocrx_word' id='word_1_328' title='bbox 859 2954 894 3015; x_wconf 90' lang='lat' dir='ltr'>in</span> <span class='ocrx_word' id='word_1_329' title='bbox 949 2950 1154 3014; x_wconf 81' lang='lat' dir='ltr'>Ezechielem</span> <span class='ocrx_word' id='word_1_330' title='bbox 1178 2952 1338 3015; x_wconf 89' lang='lat' dir='ltr'>Dominus</span> <span class='ocrx_word' id='word_1_331' title='bbox 1363 2952 1463 3015; x_wconf 87' lang='lat' dir='ltr'>dicit:</span> <span class='ocrx_word' id='word_1_332' title='bbox 1487 2955 1744 3030; x_wconf 77' lang='lat' dir='ltr'>Speculatorem</span> 
     </span>
     <span class='ocr_line' id='line_1_29' title="bbox 86 3049 1748 3128; baseline 0.004 -21"><span class='ocrx_word' id='word_1_333' title='bbox 86 3050 282 3127; x_wconf 69' lang='lat' dir='ltr'>‚Evangelio</span> <span class='ocrx_word' id='word_1_334' title='bbox 313 3051 436 3127; x_wconf 90' lang='lat' dir='ltr'>legitur</span> <span class='ocrx_word' id='word_1_335' title='bbox 460 3050 547 3128; x_wconf 91' lang='lat' dir='ltr'>quod</span> <span class='ocrx_word' id='word_1_336' title='bbox 581 3050 745 3115; x_wconf 88' lang='lat' dir='ltr'>clamante</span> <span class='ocrx_word' id='word_1_337' title='bbox 779 3066 893 3115; x_wconf 75' lang='lat' dir='ltr'>caecos</span> <span class='ocrx_word' id='word_1_338' title='bbox 947 3049 1339 3125; x_wconf 81' lang='lat' dir='ltr'>dedtieeuperdomum</span> <span class='ocrx_word' id='word_1_339' title='bbox 1352 3053 1748 3121; x_wconf 72' lang='lat' dir='ltr'>laruatsinonannua-</span> 
     </span>
     <span class='ocr_line' id='line_1_30' title="bbox 91 3147 1743 3225; baseline -0.002 -13"><span class='ocrx_word' id='word_1_340' title='bbox 91 3152 183 3212; x_wconf 83' lang='lat' dir='ltr'>Jesu</span> <span class='ocrx_word' id='word_1_341' title='bbox 203 3151 253 3222; x_wconf 81' lang='lat' dir='ltr'>tiit</span> <span class='ocrx_word' id='word_1_342' title='bbox 276 3152 389 3212; x_wconf 82' lang='lat' dir='ltr'>Dacia</span> <span class='ocrx_word' id='word_1_343' title='bbox 415 3151 687 3223; x_wconf 84' lang='lat' dir='ltr'>misereremei,</span> <span class='ocrx_word' id='word_1_344' title='bbox 710 3153 893 3224; x_wconf 82' lang='lat' dir='ltr'>quiprai-</span> <span class='ocrx_word' id='word_1_345' title='bbox 949 3149 1094 3209; x_wconf 82' lang='lat' dir='ltr'>iteneris</span> <span class='ocrx_word' id='word_1_346' title='bbox 1108 3149 1227 3220; x_wconf 81' lang='lat' dir='ltr'>iniquo</span> <span class='ocrx_word' id='word_1_347' title='bbox 1241 3147 1460 3221; x_wconf 88' lang='lat' dir='ltr'>iniquitatem</span> <span class='ocrx_word' id='word_1_348' title='bbox 1470 3162 1582 3220; x_wconf 84' lang='lat' dir='ltr'>suam,</span> <span class='ocrx_word' id='word_1_349' title='bbox 1595 3152 1743 3225; x_wconf 80' lang='lat' dir='ltr'>sangui·</span> 
     </span>
     <span class='ocr_line' id='line_1_31' title="bbox 88 3241 1742 3326; baseline -0.001 -17"><span class='ocrx_word' id='word_1_350' title='bbox 88 3249 182 3309; x_wconf 80' lang='lat' dir='ltr'>baut</span> <span class='ocrx_word' id='word_1_351' title='bbox 206 3247 431 3322; x_wconf 87' lang='lat' dir='ltr'>increpabant</span> <span class='ocrx_word' id='word_1_352' title='bbox 453 3261 544 3320; x_wconf 89' lang='lat' dir='ltr'>cum,</span> <span class='ocrx_word' id='word_1_353' title='bbox 570 3248 610 3308; x_wconf 91' lang='lat' dir='ltr'>ut</span> <span class='ocrx_word' id='word_1_354' title='bbox 644 3246 775 3321; x_wconf 80' lang='lat' dir='ltr'>taceret</span> <span class='ocrx_word' id='word_1_355' title='bbox 799 3244 893 3326; x_wconf 85' lang='lat' dir='ltr'>(Luc.</span> <span class='ocrx_word' id='word_1_356' title='bbox 949 3259 1030 3306; x_wconf 84' lang='lat' dir='ltr'>nem</span> <span class='ocrx_word' id='word_1_357' title='bbox 1048 3246 1124 3317; x_wconf 81' lang='lat' dir='ltr'>cjue</span> <span class='ocrx_word' id='word_1_358' title='bbox 1143 3246 1186 3305; x_wconf 85' lang='lat' dir='ltr'>dc</span> <span class='ocrx_word' id='word_1_359' title='bbox 1208 3258 1317 3304; x_wconf 89' lang='lat' dir='ltr'>manu</span> <span class='ocrx_word' id='word_1_360' title='bbox 1335 3244 1397 3304; x_wconf 89' lang='lat' dir='ltr'>tua</span> <span class='ocrx_word' id='word_1_361' title='bbox 1414 3248 1596 3317; x_wconf 78' lang='lat' dir='ltr'>requiram</span> <span class='ocrx_word' id='word_1_362' title='bbox 1610 3241 1742 3324; x_wconf 82' lang='lat' dir='ltr'>(Erech.</span> 
     </span>
     <span class='ocr_line' id='line_1_32' title="bbox 86 3335 1744 3422; baseline 0.002 -23"><span class='ocrx_word' id='word_1_363' title='bbox 86 3358 198 3417; x_wconf 69' lang='lat' dir='ltr'>xvrn,</span> <span class='ocrx_word' id='word_1_364' title='bbox 210 3342 276 3422; x_wconf 85' lang='lat'>38).</span> <span class='ocrx_word' id='word_1_365' title='bbox 949 3355 1000 3413; x_wconf 92' lang='grc' dir='ltr'><strong>ιιι,</strong></span> <span class='ocrx_word' id='word_1_366' title='bbox 1017 3335 1079 3411; x_wconf 87' lang='lat'>18).</span> <span class='ocrx_word' id='word_1_367' title='bbox 1105 3341 1228 3400; x_wconf 88' lang='lat' dir='ltr'>Domus</span> <span class='ocrx_word' id='word_1_368' title='bbox 1246 3339 1351 3400; x_wconf 89' lang='lat' dir='ltr'>lsrael</span> <span class='ocrx_word' id='word_1_369' title='bbox 1365 3340 1417 3402; x_wconf 91' lang='lat' dir='ltr'>est</span> <span class='ocrx_word' id='word_1_370' title='bbox 1437 3340 1605 3417; x_wconf 81' lang='lat' dir='ltr'>Ecclesia3</span> <span class='ocrx_word' id='word_1_371' title='bbox 1621 3358 1744 3420; x_wconf 89' lang='lat' dir='ltr'>specu·</span> 
     </span>
     <span class='ocr_line' id='line_1_33' title="bbox 133 3435 1746 3518; baseline 0.001 -15"><span class='ocrx_word' id='word_1_372' title='bbox 133 3441 187 3503; x_wconf 81' lang='lat' dir='ltr'>nb</span> <span class='ocrx_word' id='word_1_373' title='bbox 196 3439 383 3503; x_wconf 88' lang='lat' dir='ltr'>eruditione</span> <span class='ocrx_word' id='word_1_374' title='bbox 395 3438 541 3515; x_wconf 83' lang='lat' dir='ltr'>proximi</span> <span class='ocrx_word' id='word_1_375' title='bbox 553 3436 634 3500; x_wconf 90' lang='lat' dir='ltr'>tacit</span> <span class='ocrx_word' id='word_1_376' title='bbox 643 3437 811 3500; x_wconf 91' lang='lat' dir='ltr'>hominem</span> <span class='ocrx_word' id='word_1_377' title='bbox 821 3455 896 3501; x_wconf 87' lang='lat' dir='ltr'>esse</span> <span class='ocrx_word' id='word_1_378' title='bbox 949 3437 1036 3499; x_wconf 87' lang='lat' dir='ltr'>lator</span> <span class='ocrx_word' id='word_1_379' title='bbox 1050 3437 1101 3498; x_wconf 87' lang='lat' dir='ltr'>est</span> <span class='ocrx_word' id='word_1_380' title='bbox 1110 3435 1249 3515; x_wconf 86' lang='lat' dir='ltr'>quilibet</span> <span class='ocrx_word' id='word_1_381' title='bbox 1260 3436 1417 3514; x_wconf 87' lang='lat' dir='ltr'>praelatus</span> <span class='ocrx_word' id='word_1_382' title='bbox 1432 3454 1533 3517; x_wconf 90' lang='lat' dir='ltr'>super</span> <span class='ocrx_word' id='word_1_383' title='bbox 1546 3441 1668 3518; x_wconf 90' lang='lat' dir='ltr'>populo</span> <span class='ocrx_word' id='word_1_384' title='bbox 1680 3439 1746 3505; x_wconf 88' lang='lat' dir='ltr'>sihi</span> 
     </span>
     <span class='ocr_line' id='line_1_34' title="bbox 92 3534 1748 3616; baseline 0.001 -16"><span class='ocrx_word' id='word_1_385' title='bbox 92 3539 238 3608; x_wconf 86' lang='lat' dir='ltr'>mutum,</span> <span class='ocrx_word' id='word_1_386' title='bbox 264 3536 396 3614; x_wconf 90' lang='lat' dir='ltr'>quando</span> <span class='ocrx_word' id='word_1_387' title='bbox 422 3535 547 3598; x_wconf 90' lang='lat' dir='ltr'>claudit</span> <span class='ocrx_word' id='word_1_388' title='bbox 575 3551 613 3597; x_wconf 87' lang='lat' dir='ltr'>os</span> <span class='ocrx_word' id='word_1_389' title='bbox 636 3536 831 3610; x_wconf 88' lang='lat' dir='ltr'>sacerdotis,</span> <span class='ocrx_word' id='word_1_390' title='bbox 861 3537 897 3598; x_wconf 90' lang='lat' dir='ltr'>ut</span> <span class='ocrx_word' id='word_1_391' title='bbox 951 3534 1138 3599; x_wconf 89' lang='lat' dir='ltr'>commisso.</span> <span class='ocrx_word' id='word_1_392' title='bbox 1161 3534 1263 3606; x_wconf 83' lang='lat' dir='ltr'>Quasi</span> <span class='ocrx_word' id='word_1_393' title='bbox 1277 3534 1426 3597; x_wconf 88' lang='lat' dir='ltr'>diceret:</span> <span class='ocrx_word' id='word_1_394' title='bbox 1451 3536 1530 3599; x_wconf 86' lang='lat' dir='ltr'>Feci</span> <span class='ocrx_word' id='word_1_395' title='bbox 1545 3539 1578 3600; x_wconf 90' lang='lat' dir='ltr'>te</span> <span class='ocrx_word' id='word_1_396' title='bbox 1593 3538 1748 3616; x_wconf 88' lang='lat' dir='ltr'>specula-</span> 
     </span>
     <span class='ocr_line' id='line_1_35' title="bbox 90 3631 1747 3714; baseline 0.001 -17"><span class='ocrx_word' id='word_1_397' title='bbox 90 3649 165 3698; x_wconf 86' lang='lat' dir='ltr'>uon</span> <span class='ocrx_word' id='word_1_398' title='bbox 189 3633 308 3696; x_wconf 88' lang='lat' dir='ltr'>doceat</span> <span class='ocrx_word' id='word_1_399' title='bbox 329 3632 517 3710; x_wconf 80' lang='lat' dir='ltr'>proximum</span> <span class='ocrx_word' id='word_1_400' title='bbox 545 3632 588 3695; x_wconf 91' lang='lat' dir='ltr'>ad</span> <span class='ocrx_word' id='word_1_401' title='bbox 609 3631 695 3695; x_wconf 90' lang='lat' dir='ltr'>bene</span> <span class='ocrx_word' id='word_1_402' title='bbox 718 3633 893 3709; x_wconf 88' lang='lat' dir='ltr'>agendum,</span> <span class='ocrx_word' id='word_1_403' title='bbox 949 3632 1170 3710; x_wconf 87' lang='lat' dir='ltr'>toremsnper</span> <span class='ocrx_word' id='word_1_404' title='bbox 1188 3633 1309 3710; x_wconf 92' lang='lat' dir='ltr'>populo</span> <span class='ocrx_word' id='word_1_405' title='bbox 1331 3632 1392 3696; x_wconf 93' lang='lat' dir='ltr'>tibi</span> <span class='ocrx_word' id='word_1_406' title='bbox 1409 3634 1600 3713; x_wconf 85' lang='lat' dir='ltr'>commisso;</span> <span class='ocrx_word' id='word_1_407' title='bbox 1616 3651 1697 3714; x_wconf 87' lang='lat' dir='ltr'>ergo</span> <span class='ocrx_word' id='word_1_408' title='bbox 1715 3636 1747 3699; x_wconf 90' lang='lat' dir='ltr'>si</span> 
     </span>
     <span class='ocr_line' id='line_1_36' title="bbox 92 3729 1744 3810; baseline 0.002 -17"><span class='ocrx_word' id='word_1_409' title='bbox 92 3746 206 3810; x_wconf 89' lang='lat' dir='ltr'>neque</span> <span class='ocrx_word' id='word_1_410' title='bbox 235 3729 386 3793; x_wconf 86' lang='lat' dir='ltr'>subditos</span> <span class='ocrx_word' id='word_1_411' title='bbox 421 3730 568 3807; x_wconf 89' lang='lat' dir='ltr'>corrigat</span> <span class='ocrx_word' id='word_1_412' title='bbox 594 3730 635 3791; x_wconf 92' lang='lat' dir='ltr'>de</span> <span class='ocrx_word' id='word_1_413' title='bbox 667 3730 822 3808; x_wconf 86' lang='lat' dir='ltr'>peccatis.</span> <span class='ocrx_word' id='word_1_414' title='bbox 849 3733 895 3794; x_wconf 90' lang='lat' dir='ltr'>De</span> <span class='ocrx_word' id='word_1_415' title='bbox 950 3746 1018 3792; x_wconf 93' lang='lat' dir='ltr'>non</span> <span class='ocrx_word' id='word_1_416' title='bbox 1029 3729 1279 3801; x_wconf 83' lang='lat' dir='ltr'>annuntiaveris</span> <span class='ocrx_word' id='word_1_417' title='bbox 1291 3730 1624 3810; x_wconf 89' lang='lat' dir='ltr'>iniquoiniquitatem</span> <span class='ocrx_word' id='word_1_418' title='bbox 1637 3750 1744 3809; x_wconf 86' lang='lat' dir='ltr'>suam,</span> 
     </span>
     <span class='ocr_line' id='line_1_37' title="bbox 97 3826 1746 3907; baseline 0.004 -17"><span class='ocrx_word' id='word_1_419' title='bbox 97 3829 219 3907; x_wconf 90' lang='lat' dir='ltr'>quibus</span> <span class='ocrx_word' id='word_1_420' title='bbox 243 3828 374 3890; x_wconf 87' lang='lat' dir='ltr'>Isaias:</span> <span class='ocrx_word' id='word_1_421' title='bbox 402 3831 512 3890; x_wconf 81' lang='lat' dir='ltr'>Canes</span> <span class='ocrx_word' id='word_1_422' title='bbox 538 3829 628 3889; x_wconf 87' lang='lat' dir='ltr'>muti</span> <span class='ocrx_word' id='word_1_423' title='bbox 653 3842 723 3890; x_wconf 85' lang='lat' dir='ltr'>nou</span> <span class='ocrx_word' id='word_1_424' title='bbox 744 3830 896 3891; x_wconf 79' lang='lat' dir='ltr'>uniames</span> <span class='ocrx_word' id='word_1_425' title='bbox 950 3826 1145 3903; x_wconf 90' lang='lat' dir='ltr'>sanguinem</span> <span class='ocrx_word' id='word_1_426' title='bbox 1169 3829 1252 3905; x_wconf 90' lang='lat' dir='ltr'>ejus,</span> <span class='ocrx_word' id='word_1_427' title='bbox 1277 3826 1373 3900; x_wconf 90' lang='lat' dir='ltr'>idest,</span> <span class='ocrx_word' id='word_1_428' title='bbox 1389 3829 1560 3905; x_wconf 88' lang='lat' dir='ltr'>peccatum</span> <span class='ocrx_word' id='word_1_429' title='bbox 1584 3830 1625 3892; x_wconf 92' lang='lat' dir='ltr'>de</span> <span class='ocrx_word' id='word_1_430' title='bbox 1643 3847 1746 3899; x_wconf 88' lang='lat' dir='ltr'>manu</span> 
     </span>
     <span class='ocr_line' id='line_1_38' title="bbox 94 3923 1747 4006; baseline 0.002 -18"><span class='ocrx_word' id='word_1_431' title='bbox 94 3923 464 4005; x_wconf 64' lang='lat' dir='ltr'>siracusanae).</span> <span class='ocrx_word' id='word_1_432' title='bbox 481 3925 586 3986; x_wconf 81' lang='lat' dir='ltr'>Canes</span> <span class='ocrx_word' id='word_1_433' title='bbox 599 3924 682 3986; x_wconf 89' lang='lat' dir='ltr'>muti</span> <span class='ocrx_word' id='word_1_434' title='bbox 697 3940 765 3987; x_wconf 92' lang='lat' dir='ltr'>non</span> <span class='ocrx_word' id='word_1_435' title='bbox 778 3927 897 3988; x_wconf 85' lang='lat' dir='ltr'>valen-</span> <span class='ocrx_word' id='word_1_436' title='bbox 949 3926 1006 3986; x_wconf 90' lang='lat' dir='ltr'>tua</span> <span class='ocrx_word' id='word_1_437' title='bbox 1026 3925 1205 4003; x_wconf 88' lang='lat' dir='ltr'>requiram.</span> <span class='ocrx_word' id='word_1_438' title='bbox 1222 3925 1348 4003; x_wconf 84' lang='lat' dir='ltr'>ltaque,</span> <span class='ocrx_word' id='word_1_439' title='bbox 1364 3923 1478 4000; x_wconf 89' lang='lat' dir='ltr'>irater,</span> <span class='ocrx_word' id='word_1_440' title='bbox 1501 3927 1531 3989; x_wconf 88' lang='lat' dir='ltr'>si</span> <span class='ocrx_word' id='word_1_441' title='bbox 1557 3928 1747 4006; x_wconf 88' lang='lat' dir='ltr'>speculator</span> 
     </span>
     <span class='ocr_line' id='line_1_39' title="bbox 97 4020 1746 4102; baseline 0.002 -18"><span class='ocrx_word' id='word_1_442' title='bbox 97 4023 147 4084; x_wconf 90' lang='lat' dir='ltr'>tes</span> <span class='ocrx_word' id='word_1_443' title='bbox 161 4024 287 4087; x_wconf 88' lang='lat' dir='ltr'>latrare</span> <span class='ocrx_word' id='word_1_444' title='bbox 302 4024 381 4087; x_wconf 89' lang='lat' dir='ltr'>sunt</span> <span class='ocrx_word' id='word_1_445' title='bbox 392 4022 523 4100; x_wconf 87' lang='lat' dir='ltr'>praelati</span> <span class='ocrx_word' id='word_1_446' title='bbox 545 4023 602 4100; x_wconf 92' lang='lat' dir='ltr'>qui</span> <span class='ocrx_word' id='word_1_447' title='bbox 616 4022 735 4086; x_wconf 88' lang='lat' dir='ltr'>timent</span> <span class='ocrx_word' id='word_1_448' title='bbox 745 4022 894 4086; x_wconf 90' lang='lat' dir='ltr'>subditos</span> <span class='ocrx_word' id='word_1_449' title='bbox 949 4038 996 4096; x_wconf 87' lang='lat' dir='ltr'>es,</span> <span class='ocrx_word' id='word_1_450' title='bbox 1033 4020 1133 4084; x_wconf 89' lang='lat' dir='ltr'>debes</span> <span class='ocrx_word' id='word_1_451' title='bbox 1165 4022 1308 4098; x_wconf 84' lang='lat' dir='ltr'>vigilare</span> <span class='ocrx_word' id='word_1_452' title='bbox 1339 4024 1374 4086; x_wconf 87' lang='lat' dir='ltr'>et</span> <span class='ocrx_word' id='word_1_453' title='bbox 1402 4024 1670 4102; x_wconf 89' lang='lat' dir='ltr'>circumspicere.</span> <span class='ocrx_word' id='word_1_454' title='bbox 1697 4027 1746 4088; x_wconf 91' lang='lat' dir='ltr'>De</span> 
     </span>
     <span class='ocr_line' id='line_1_40' title="bbox 98 4119 1746 4201; baseline 0.004 -21"><span class='ocrx_word' id='word_1_455' title='bbox 98 4134 176 4182; x_wconf 88' lang='lat' dir='ltr'>snos</span> <span class='ocrx_word' id='word_1_456' title='bbox 203 4135 347 4197; x_wconf 86' lang='lat' dir='ltr'>arguere</span> <span class='ocrx_word' id='word_1_457' title='bbox 371 4120 414 4181; x_wconf 88' lang='lat' dir='ltr'>de</span> <span class='ocrx_word' id='word_1_458' title='bbox 441 4121 587 4198; x_wconf 89' lang='lat' dir='ltr'>peccatis</span> <span class='ocrx_word' id='word_1_459' title='bbox 614 4122 750 4198; x_wconf 89' lang='lat' dir='ltr'>propter</span> <span class='ocrx_word' id='word_1_460' title='bbox 772 4122 895 4183; x_wconf 89' lang='lat' dir='ltr'>malam</span> <span class='ocrx_word' id='word_1_461' title='bbox 949 4119 1145 4197; x_wconf 81' lang='lat' dir='ltr'>vigilatione</span> <span class='ocrx_word' id='word_1_462' title='bbox 1160 4119 1208 4180; x_wconf 87' lang='lat' dir='ltr'>ait</span> <span class='ocrx_word' id='word_1_463' title='bbox 1221 4119 1382 4181; x_wconf 89' lang='lat' dir='ltr'>Dominus</span> <span class='ocrx_word' id='word_1_464' title='bbox 1393 4121 1583 4199; x_wconf 80' lang='lat' dir='ltr'>Apostolis:</span> <span class='ocrx_word' id='word_1_465' title='bbox 1602 4124 1746 4201; x_wconf 83' lang='lat' dir='ltr'>Vipiiatc</span> 
     </span>
     <span class='ocr_line' id='line_1_41' title="bbox 98 4216 1746 4296; baseline 0.005 -18"><span class='ocrx_word' id='word_1_466' title='bbox 98 4218 338 4281; x_wconf 90' lang='lat' dir='ltr'>conscientiam</span> <span class='ocrx_word' id='word_1_467' title='bbox 350 4233 448 4296; x_wconf 92' lang='lat' dir='ltr'>quam</span> <span class='ocrx_word' id='word_1_468' title='bbox 463 4216 597 4290; x_wconf 87' lang='lat' dir='ltr'>babent,</span> <span class='ocrx_word' id='word_1_469' title='bbox 613 4233 655 4279; x_wconf 92' lang='lat' dir='ltr'>ne</span> <span class='ocrx_word' id='word_1_470' title='bbox 676 4217 789 4280; x_wconf 89' lang='lat' dir='ltr'>dicant</span> <span class='ocrx_word' id='word_1_471' title='bbox 801 4219 897 4280; x_wconf 81' lang='lat' dir='ltr'>:Me-</span> <span class='ocrx_word' id='word_1_472' title='bbox 947 4217 984 4280; x_wconf 85' lang='lat' dir='ltr'>et</span> <span class='ocrx_word' id='word_1_473' title='bbox 1013 4216 1122 4289; x_wconf 86' lang='lat' dir='ltr'>orate,</span> <span class='ocrx_word' id='word_1_474' title='bbox 1142 4217 1182 4277; x_wconf 93' lang='lat' dir='ltr'>ut</span> <span class='ocrx_word' id='word_1_475' title='bbox 1202 4231 1272 4278; x_wconf 91' lang='lat' dir='ltr'>non</span> <span class='ocrx_word' id='word_1_476' title='bbox 1292 4218 1432 4280; x_wconf 78' lang='lat' dir='ltr'>intretis</span> <span class='ocrx_word' id='word_1_477' title='bbox 1456 4222 1494 4281; x_wconf 90' lang='lat' dir='ltr'>in</span> <span class='ocrx_word' id='word_1_478' title='bbox 1519 4220 1746 4287; x_wconf 69' lang='lat' dir='ltr'>tentationum</span> 
     </span>
     <span class='ocr_line' id='line_1_42' title="bbox 98 4310 1747 4394; baseline 0.003 -20"><span class='ocrx_word' id='word_1_479' title='bbox 98 4316 173 4377; x_wconf 75' lang='lat' dir='ltr'>tice</span> <span class='ocrx_word' id='word_1_480' title='bbox 184 4317 437 4391; x_wconf 82' lang='lat' dir='ltr'>curaieipsum</span> <span class='ocrx_word' id='word_1_481' title='bbox 450 4312 544 4394; x_wconf 86' lang='lat' dir='ltr'>(Luc.</span> <span class='ocrx_word' id='word_1_482' title='bbox 558 4329 605 4387; x_wconf 84' lang='grc' dir='ltr'>ιι,</span> <span class='ocrx_word' id='word_1_483' title='bbox 624 4313 691 4394; x_wconf 82' lang='lat'>23).</span> <span class='ocrx_word' id='word_1_484' title='bbox 703 4316 897 4391; x_wconf 81' lang='lat' dir='ltr'>procrtta</span> <span class='ocrx_word' id='word_1_485' title='bbox 950 4311 1082 4394; x_wconf 90' lang='lat' dir='ltr'>(Mattb.</span> <span class='ocrx_word' id='word_1_486' title='bbox 1106 4328 1200 4384; x_wconf 85' lang='grc' dir='ltr'><strong>ιιιι,</strong></span> <span class='ocrx_word' id='word_1_487' title='bbox 1213 4310 1279 4390; x_wconf 81' lang='lat' dir='ltr'>ii).</span> <span class='ocrx_word' id='word_1_488' title='bbox 1301 4315 1348 4375; x_wconf 91' lang='lat' dir='ltr'>De</span> <span class='ocrx_word' id='word_1_489' title='bbox 1368 4314 1666 4391; x_wconf 89' lang='lat' dir='ltr'>circumspectione</span> <span class='ocrx_word' id='word_1_490' title='bbox 1694 4317 1747 4378; x_wconf 89' lang='lat' dir='ltr'>lo-</span> 
     </span>
     <span class='ocr_line' id='line_1_43' title="bbox 100 4408 1748 4490; baseline 0.001 -15"><span class='ocrx_word' id='word_1_491' title='bbox 100 4412 183 4482; x_wconf 78' lang='lat' dir='ltr'>ettce</span> <span class='ocrx_word' id='word_1_492' title='bbox 189 4415 311 4489; x_wconf 77' lang='lat' dir='ltr'>primo</span> <span class='ocrx_word' id='word_1_493' title='bbox 325 4413 459 4474; x_wconf 85' lang='lat' dir='ltr'>trabem</span> <span class='ocrx_word' id='word_1_494' title='bbox 470 4415 512 4474; x_wconf 84' lang='lat' dir='ltr'>ae</span> <span class='ocrx_word' id='word_1_495' title='bbox 533 4416 626 4474; x_wconf 79' lang='lat' dir='ltr'>oculo</span> <span class='ocrx_word' id='word_1_496' title='bbox 645 4412 714 4484; x_wconf 90' lang='lat' dir='ltr'>tuo,</span> <span class='ocrx_word' id='word_1_497' title='bbox 728 4413 763 4474; x_wconf 89' lang='lat' dir='ltr'>et</span> <span class='ocrx_word' id='word_1_498' title='bbox 775 4413 897 4489; x_wconf 82' lang='lat' dir='ltr'>postca</span> <span class='ocrx_word' id='word_1_499' title='bbox 949 4411 1063 4490; x_wconf 91' lang='lat' dir='ltr'>quitur</span> <span class='ocrx_word' id='word_1_500' title='bbox 1076 4409 1112 4471; x_wconf 90' lang='lat' dir='ltr'>in</span> <span class='ocrx_word' id='word_1_501' title='bbox 1126 4408 1299 4471; x_wconf 86' lang='lat' dir='ltr'>Ezechiele</span> <span class='ocrx_word' id='word_1_502' title='bbox 1313 4429 1321 4469; x_wconf 75' lang='grc' dir='ltr'><strong><em>ε</em></strong></span> <span class='ocrx_word' id='word_1_503' title='bbox 1336 4411 1440 4473; x_wconf 75' lang='lat' dir='ltr'>Obiit</span> <span class='ocrx_word' id='word_1_504' title='bbox 1446 4415 1608 4486; x_wconf 70' lang='lat' dir='ltr'>bominis,</span> <span class='ocrx_word' id='word_1_505' title='bbox 1623 4429 1748 4489; x_wconf 86' lang='lat' dir='ltr'>specu-</span> 
     </span>
     <span class='ocr_line' id='line_1_44' title="bbox 100 4504 1744 4589; baseline 0.001 -17"><span class='ocrx_word' id='word_1_506' title='bbox 100 4510 396 4585; x_wconf 76' lang='lat' dir='ltr'>ciicieslcstucam</span> <span class='ocrx_word' id='word_1_507' title='bbox 410 4511 452 4571; x_wconf 84' lang='lat' dir='ltr'>dc</span> <span class='ocrx_word' id='word_1_508' title='bbox 464 4508 694 4584; x_wconf 74' lang='lat' dir='ltr'>ocuiotratris</span> <span class='ocrx_word' id='word_1_509' title='bbox 706 4507 893 4589; x_wconf 84' lang='lat' dir='ltr'>iut(liattb.</span> <span class='ocrx_word' id='word_1_510' title='bbox 949 4509 1097 4572; x_wconf 87' lang='lat' dir='ltr'>intorem</span> <span class='ocrx_word' id='word_1_511' title='bbox 1118 4508 1197 4568; x_wconf 82' lang='lat' dir='ltr'>dedi</span> <span class='ocrx_word' id='word_1_512' title='bbox 1217 4506 1251 4567; x_wconf 89' lang='lat' dir='ltr'>tc</span> <span class='ocrx_word' id='word_1_513' title='bbox 1273 4508 1391 4567; x_wconf 84' lang='lat' dir='ltr'>domui</span> <span class='ocrx_word' id='word_1_514' title='bbox 1411 4510 1523 4569; x_wconf 83' lang='lat' dir='ltr'>israel</span> <span class='ocrx_word' id='word_1_515' title='bbox 1537 4504 1670 4587; x_wconf 82' lang='lat' dir='ltr'>(Ezecb.</span> <span class='ocrx_word' id='word_1_516' title='bbox 1694 4526 1744 4589; x_wconf 82' lang='grc' dir='ltr'><strong>ιιι,</strong></span> 
     </span>
     <span class='ocr_line' id='line_1_45' title="bbox 101 4603 1748 4687; baseline 0.002 -19"><span class='ocrx_word' id='word_1_517' title='bbox 101 4619 160 4680; x_wconf 89' lang='lat' dir='ltr'>v11,</span> <span class='ocrx_word' id='word_1_518' title='bbox 175 4605 224 4686; x_wconf 85' lang='lat'>5).</span> <span class='ocrx_word' id='word_1_519' title='bbox 242 4609 321 4680; x_wconf 83' lang='lat' dir='ltr'>Quae</span> <span class='ocrx_word' id='word_1_520' title='bbox 342 4606 433 4669; x_wconf 89' lang='lat' dir='ltr'>enim</span> <span class='ocrx_word' id='word_1_521' title='bbox 458 4608 567 4684; x_wconf 86' lang='lat' dir='ltr'>major</span> <span class='ocrx_word' id='word_1_522' title='bbox 587 4605 818 4669; x_wconf 89' lang='lat' dir='ltr'>misericordia</span> <span class='ocrx_word' id='word_1_523' title='bbox 838 4607 897 4671; x_wconf 88' lang='lat' dir='ltr'>aut</span> <span class='ocrx_word' id='word_1_524' title='bbox 950 4608 1020 4686; x_wconf 80' lang='lat'><strong>17);</strong></span> <span class='ocrx_word' id='word_1_525' title='bbox 1037 4619 1117 4683; x_wconf 88' lang='lat' dir='ltr'>ergo</span> <span class='ocrx_word' id='word_1_526' title='bbox 1129 4603 1158 4666; x_wconf 92' lang='lat' dir='ltr'>si</span> <span class='ocrx_word' id='word_1_527' title='bbox 1170 4603 1415 4681; x_wconf 85' lang='lat' dir='ltr'>speculatores,</span> <span class='ocrx_word' id='word_1_528' title='bbox 1429 4603 1532 4681; x_wconf 88' lang='lat' dir='ltr'>vigila</span> <span class='ocrx_word' id='word_1_529' title='bbox 1546 4607 1580 4668; x_wconf 91' lang='lat' dir='ltr'>et</span> <span class='ocrx_word' id='word_1_530' title='bbox 1591 4608 1748 4687; x_wconf 73' lang='lat' dir='ltr'>circums-</span> 
     </span>
     <span class='ocr_line' id='line_1_46' title="bbox 101 4701 1749 4782; baseline 0.004 -18"><span class='ocrx_word' id='word_1_531' title='bbox 101 4703 208 4779; x_wconf 88' lang='lat' dir='ltr'>pietas</span> <span class='ocrx_word' id='word_1_532' title='bbox 221 4705 273 4766; x_wconf 88' lang='lat' dir='ltr'>est</span> <span class='ocrx_word' id='word_1_533' title='bbox 286 4720 386 4782; x_wconf 87' lang='lat' dir='ltr'>quam</span> <span class='ocrx_word' id='word_1_534' title='bbox 400 4703 530 4766; x_wconf 87' lang='lat' dir='ltr'>animas</span> <span class='ocrx_word' id='word_1_535' title='bbox 551 4703 765 4766; x_wconf 90' lang='lat' dir='ltr'>morientium</span> <span class='ocrx_word' id='word_1_536' title='bbox 777 4703 896 4766; x_wconf 88' lang='lat' dir='ltr'>subdi·</span> <span class='ocrx_word' id='word_1_537' title='bbox 951 4704 1039 4782; x_wconf 73' lang='lat' dir='ltr'>pice,</span> <span class='ocrx_word' id='word_1_538' title='bbox 1065 4718 1133 4765; x_wconf 90' lang='lat' dir='ltr'>non</span> <span class='ocrx_word' id='word_1_539' title='bbox 1154 4701 1243 4764; x_wconf 90' lang='lat' dir='ltr'>enim</span> <span class='ocrx_word' id='word_1_540' title='bbox 1257 4701 1369 4778; x_wconf 90' lang='lat' dir='ltr'>posuit</span> <span class='ocrx_word' id='word_1_541' title='bbox 1388 4702 1421 4763; x_wconf 90' lang='lat' dir='ltr'>te</span> <span class='ocrx_word' id='word_1_542' title='bbox 1444 4703 1603 4766; x_wconf 91' lang='lat' dir='ltr'>Dominus</span> <span class='ocrx_word' id='word_1_543' title='bbox 1617 4707 1654 4769; x_wconf 92' lang='lat' dir='ltr'>ut</span> <span class='ocrx_word' id='word_1_544' title='bbox 1668 4708 1749 4771; x_wconf 91' lang='lat' dir='ltr'>dor-</span> 
     </span>
     <span class='ocr_line' id='line_1_47' title="bbox 101 4798 1742 4881; baseline 0.005 -20"><span class='ocrx_word' id='word_1_545' title='bbox 101 4800 209 4865; x_wconf 89' lang='lat' dir='ltr'>torum</span> <span class='ocrx_word' id='word_1_546' title='bbox 220 4802 403 4875; x_wconf 71' lang='lat' dir='ltr'>viuflcare,</span> <span class='ocrx_word' id='word_1_547' title='bbox 429 4802 581 4873; x_wconf 82' lang='lat' dir='ltr'>errantes</span> <span class='ocrx_word' id='word_1_548' title='bbox 595 4802 636 4862; x_wconf 90' lang='lat' dir='ltr'>ad</span> <span class='ocrx_word' id='word_1_549' title='bbox 651 4801 741 4864; x_wconf 86' lang='lat' dir='ltr'>viam</span> <span class='ocrx_word' id='word_1_550' title='bbox 755 4802 895 4880; x_wconf 77' lang='lat' dir='ltr'>justitie</span> <span class='ocrx_word' id='word_1_551' title='bbox 950 4801 1046 4873; x_wconf 89' lang='lat' dir='ltr'>miae,</span> <span class='ocrx_word' id='word_1_552' title='bbox 1061 4799 1119 4863; x_wconf 90' lang='lat' dir='ltr'>sed</span> <span class='ocrx_word' id='word_1_553' title='bbox 1132 4800 1168 4862; x_wconf 91' lang='lat' dir='ltr'>ut</span> <span class='ocrx_word' id='word_1_554' title='bbox 1177 4798 1308 4876; x_wconf 84' lang='lat' dir='ltr'>vigiles,</span> <span class='ocrx_word' id='word_1_555' title='bbox 1320 4813 1387 4860; x_wconf 91' lang='lat' dir='ltr'>non</span> <span class='ocrx_word' id='word_1_556' title='bbox 1396 4801 1433 4862; x_wconf 90' lang='lat' dir='ltr'>ut</span> <span class='ocrx_word' id='word_1_557' title='bbox 1440 4801 1579 4864; x_wconf 89' lang='lat' dir='ltr'>stolidus</span> <span class='ocrx_word' id='word_1_558' title='bbox 1594 4820 1742 4881; x_wconf 87' lang='lat' dir='ltr'>maneas,</span> 
     </span>
     <span class='ocr_line' id='line_1_48' title="bbox 103 4896 1748 4976; baseline 0.006 -19"><span class='ocrx_word' id='word_1_559' title='bbox 103 4898 273 4972; x_wconf 88' lang='lat' dir='ltr'>reducere,</span> <span class='ocrx_word' id='word_1_560' title='bbox 294 4899 419 4962; x_wconf 83' lang='lat' dir='ltr'>fractos</span> <span class='ocrx_word' id='word_1_561' title='bbox 453 4898 680 4972; x_wconf 88' lang='lat' dir='ltr'>consolidare,</span> <span class='ocrx_word' id='word_1_562' title='bbox 703 4900 839 4964; x_wconf 81' lang='lat' dir='ltr'>mestos</span> <span class='ocrx_word' id='word_1_563' title='bbox 863 4901 897 4964; x_wconf 89' lang='lat' dir='ltr'>et</span> <span class='ocrx_word' id='word_1_564' title='bbox 950 4899 1008 4962; x_wconf 88' lang='lat' dir='ltr'>sed</span> <span class='ocrx_word' id='word_1_565' title='bbox 1023 4897 1208 4976; x_wconf 89' lang='lat' dir='ltr'>utprovide</span> <span class='ocrx_word' id='word_1_566' title='bbox 1232 4896 1493 4976; x_wconf 86' lang='lat' dir='ltr'>circumspicias.</span> <span class='ocrx_word' id='word_1_567' title='bbox 1518 4900 1592 4964; x_wconf 86' lang='lat' dir='ltr'>Non</span> <span class='ocrx_word' id='word_1_568' title='bbox 1615 4905 1651 4966; x_wconf 90' lang='lat' dir='ltr'>ut</span> <span class='ocrx_word' id='word_1_569' title='bbox 1664 4908 1748 4967; x_wconf 88' lang='lat' dir='ltr'>dor-</span> 
     </span>
     <span class='ocr_line' id='line_1_49' title="bbox 104 4995 1743 5077; baseline 0.005 -21"><span class='ocrx_word' id='word_1_570' title='bbox 104 5009 265 5077; x_wconf 87' lang='lat' dir='ltr'>pauperes</span> <span class='ocrx_word' id='word_1_571' title='bbox 288 4997 478 5061; x_wconf 87' lang='lat' dir='ltr'>consolarit</span> <span class='ocrx_word' id='word_1_572' title='bbox 501 4997 542 5060; x_wconf 85' lang='lat' dir='ltr'>Et</span> <span class='ocrx_word' id='word_1_573' title='bbox 563 4996 639 5059; x_wconf 92' lang='lat' dir='ltr'>ideo</span> <span class='ocrx_word' id='word_1_574' title='bbox 653 4999 800 5060; x_wconf 82' lang='lat' dir='ltr'>loannes</span> <span class='ocrx_word' id='word_1_575' title='bbox 823 4999 896 5060; x_wconf 90' lang='lat' dir='ltr'>cla·</span> <span class='ocrx_word' id='word_1_576' title='bbox 950 5000 1052 5071; x_wconf 79' lang='lat' dir='ltr'>mins,</span> <span class='ocrx_word' id='word_1_577' title='bbox 1068 4996 1147 5075; x_wconf 90' lang='lat' dir='ltr'>quia</span> <span class='ocrx_word' id='word_1_578' title='bbox 1170 4995 1227 5074; x_wconf 92' lang='lat' dir='ltr'>qui</span> <span class='ocrx_word' id='word_1_579' title='bbox 1248 4995 1428 5070; x_wconf 89' lang='lat' dir='ltr'>dormiunt,</span> <span class='ocrx_word' id='word_1_580' title='bbox 1452 4998 1550 5061; x_wconf 90' lang='lat' dir='ltr'>nocte</span> <span class='ocrx_word' id='word_1_581' title='bbox 1565 4999 1743 5076; x_wconf 86' lang='lat' dir='ltr'>dormiunt,</span> 
     </span>
     <span class='ocr_line' id='line_1_50' title="bbox 103 5089 1748 5175; baseline 0.005 -21"><span class='ocrx_word' id='word_1_582' title='bbox 103 5096 178 5168; x_wconf 87' lang='lat' dir='ltr'>mat,</span> <span class='ocrx_word' id='word_1_583' title='bbox 192 5096 228 5158; x_wconf 91' lang='lat' dir='ltr'>et</span> <span class='ocrx_word' id='word_1_584' title='bbox 236 5094 317 5159; x_wconf 90' lang='lat' dir='ltr'>dicit</span> <span class='ocrx_word' id='word_1_585' title='bbox 326 5089 463 5158; x_wconf 87' lang='lat' dir='ltr'>cuilibet</span> <span class='ocrx_word' id='word_1_586' title='bbox 474 5094 723 5173; x_wconf 67' lang='lat' dir='ltr'>praelatozdsto</span> <span class='ocrx_word' id='word_1_587' title='bbox 737 5099 894 5175; x_wconf 68' lang='lat' dir='ltr'>amians,</span> <span class='ocrx_word' id='word_1_588' title='bbox 950 5095 1053 5173; x_wconf 88' lang='lat' dir='ltr'>etqui</span> <span class='ocrx_word' id='word_1_589' title='bbox 1076 5093 1161 5156; x_wconf 90' lang='lat' dir='ltr'>ebrii</span> <span class='ocrx_word' id='word_1_590' title='bbox 1180 5094 1269 5167; x_wconf 89' lang='lat' dir='ltr'>sunt,</span> <span class='ocrx_word' id='word_1_591' title='bbox 1293 5094 1391 5157; x_wconf 87' lang='lat' dir='ltr'>nocte</span> <span class='ocrx_word' id='word_1_592' title='bbox 1411 5094 1497 5158; x_wconf 85' lang='lat' dir='ltr'>ebrii</span> <span class='ocrx_word' id='word_1_593' title='bbox 1522 5098 1616 5174; x_wconf 91' lang='lat' dir='ltr'>sunt;</span> <span class='ocrx_word' id='word_1_594' title='bbox 1636 5098 1696 5159; x_wconf 90' lang='lat' dir='ltr'>sed</span> <span class='ocrx_word' id='word_1_595' title='bbox 1708 5101 1748 5162; x_wconf 88' lang='lat' dir='ltr'>nt</span> 
     </span>
     <span class='ocr_line' id='line_1_51' title="bbox 101 5190 1746 5270; baseline 0.003 -19"><span class='ocrx_word' id='word_1_596' title='bbox 101 5191 137 5252; x_wconf 84' lang='lat' dir='ltr'>et</span> <span class='ocrx_word' id='word_1_597' title='bbox 157 5194 326 5267; x_wconf 72' lang='lat' dir='ltr'>confluam</span> <span class='ocrx_word' id='word_1_598' title='bbox 343 5196 478 5268; x_wconf 81' lang='lat' dir='ltr'>reliqua</span> <span class='ocrx_word' id='word_1_599' title='bbox 493 5207 570 5268; x_wconf 79' lang='lat' dir='ltr'>quie</span> <span class='ocrx_word' id='word_1_600' title='bbox 593 5193 771 5255; x_wconf 73' lang='lat' dir='ltr'>meritura</span> <span class='ocrx_word' id='word_1_601' title='bbox 794 5196 897 5259; x_wconf 89' lang='lat' dir='ltr'>erant</span> <span class='ocrx_word' id='word_1_602' title='bbox 950 5196 1081 5270; x_wconf 68' lang='lat' dir='ltr'>amics,</span> <span class='ocrx_word' id='word_1_603' title='bbox 1102 5191 1181 5270; x_wconf 93' lang='lat' dir='ltr'>quia</span> <span class='ocrx_word' id='word_1_604' title='bbox 1203 5190 1261 5270; x_wconf 87' lang='lat' dir='ltr'>qui</span> <span class='ocrx_word' id='word_1_605' title='bbox 1283 5207 1381 5255; x_wconf 90' lang='lat' dir='ltr'>mane</span> <span class='ocrx_word' id='word_1_606' title='bbox 1396 5192 1609 5270; x_wconf 81' lang='lat' dir='ltr'>vigilaverint</span> <span class='ocrx_word' id='word_1_607' title='bbox 1629 5194 1671 5256; x_wconf 91' lang='lat' dir='ltr'>ad</span> <span class='ocrx_word' id='word_1_608' title='bbox 1685 5210 1746 5256; x_wconf 86' lang='lat' dir='ltr'>sa-</span> 
     </span>
     <span class='ocr_line' id='line_1_52' title="bbox 102 5283 1746 5371; baseline 0.004 -22"><span class='ocrx_word' id='word_1_609' title='bbox 102 5283 216 5366; x_wconf 34' lang='lat' dir='ltr'>,(npoc.</span> <span class='ocrx_word' id='word_1_610' title='bbox 231 5306 281 5363; x_wconf 91' lang='grc' dir='ltr'><strong>ιιι,</strong></span> <span class='ocrx_word' id='word_1_611' title='bbox 294 5288 343 5371; x_wconf 80' lang='lat'>2).</span> <span class='ocrx_word' id='word_1_612' title='bbox 950 5290 1109 5370; x_wconf 90' lang='lat' dir='ltr'>pientiam</span> <span class='ocrx_word' id='word_1_613' title='bbox 1133 5289 1306 5352; x_wconf 88' lang='lat' dir='ltr'>invenient</span> <span class='ocrx_word' id='word_1_614' title='bbox 1328 5290 1431 5352; x_wconf 86' lang='lat' dir='ltr'>illam.</span> <span class='ocrx_word' id='word_1_615' title='bbox 1450 5290 1526 5354; x_wconf 91' lang='lat' dir='ltr'>Non</span> <span class='ocrx_word' id='word_1_616' title='bbox 1547 5291 1584 5352; x_wconf 89' lang='lat' dir='ltr'>ut</span> <span class='ocrx_word' id='word_1_617' title='bbox 1602 5291 1746 5356; x_wconf 74' lang='lat' dir='ltr'>stolum</span> 
     </span>
     <span class='ocr_line' id='line_1_53' title="bbox 142 5385 1746 5467; baseline 0.004 -18"><span class='ocrx_word' id='word_1_618' title='bbox 142 5387 349 5463; x_wconf 75' lang='lat' dir='ltr'>charissimi,</span> <span class='ocrx_word' id='word_1_619' title='bbox 369 5389 440 5466; x_wconf 88' lang='lat' dir='ltr'>jam</span> <span class='ocrx_word' id='word_1_620' title='bbox 464 5386 636 5450; x_wconf 89' lang='lat' dir='ltr'>moriturae</span> <span class='ocrx_word' id='word_1_621' title='bbox 666 5388 745 5450; x_wconf 89' lang='lat' dir='ltr'>sunt</span> <span class='ocrx_word' id='word_1_622' title='bbox 774 5387 895 5452; x_wconf 80' lang='lat' dir='ltr'>anime</span> <span class='ocrx_word' id='word_1_623' title='bbox 949 5403 1103 5462; x_wconf 69' lang='lat' dir='ltr'>moneas</span> <span class='ocrx_word' id='word_1_624' title='bbox 1125 5387 1205 5467; x_wconf 89' lang='lat' dir='ltr'>quia</span> <span class='ocrx_word' id='word_1_625' title='bbox 1231 5387 1328 5467; x_wconf 86' lang='lat' dir='ltr'>pueri</span> <span class='ocrx_word' id='word_1_626' title='bbox 1359 5385 1503 5450; x_wconf 76' lang='lat' dir='ltr'>abraba</span> <span class='ocrx_word' id='word_1_627' title='bbox 1534 5387 1643 5449; x_wconf 92' lang='lat' dir='ltr'>adbuc</span> <span class='ocrx_word' id='word_1_628' title='bbox 1670 5403 1746 5455; x_wconf 87' lang='lat' dir='ltr'>cum</span> 
     </span>
     <span class='ocr_line' id='line_1_54' title="bbox 106 5481 1745 5563; baseline 0.004 -21"><span class='ocrx_word' id='word_1_629' title='bbox 106 5481 318 5559; x_wconf 86' lang='lat' dir='ltr'>subditorum,</span> <span class='ocrx_word' id='word_1_630' title='bbox 343 5485 410 5551; x_wconf 86' lang='lat' dir='ltr'>uisi</span> <span class='ocrx_word' id='word_1_631' title='bbox 431 5484 670 5549; x_wconf 82' lang='lat' dir='ltr'>confirmentur</span> <span class='ocrx_word' id='word_1_632' title='bbox 696 5500 758 5563; x_wconf 90' lang='lat' dir='ltr'>per</span> <span class='ocrx_word' id='word_1_633' title='bbox 780 5502 896 5550; x_wconf 90' lang='lat' dir='ltr'>curam</span> <span class='ocrx_word' id='word_1_634' title='bbox 948 5487 1046 5551; x_wconf 86' lang='lat' dir='ltr'>asino</span> <span class='ocrx_word' id='word_1_635' title='bbox 1085 5501 1128 5549; x_wconf 83' lang='lat' dir='ltr'>ex</span> <span class='ocrx_word' id='word_1_636' title='bbox 1167 5485 1349 5557; x_wconf 86' lang='lat' dir='ltr'>stoliditate</span> <span class='ocrx_word' id='word_1_637' title='bbox 1381 5483 1559 5561; x_wconf 82' lang='lat' dir='ltr'>expectant</span> <span class='ocrx_word' id='word_1_638' title='bbox 1590 5498 1667 5547; x_wconf 86' lang='lat' dir='ltr'>eum</span> <span class='ocrx_word' id='word_1_639' title='bbox 1703 5486 1745 5549; x_wconf 89' lang='lat' dir='ltr'>de</span> 
     </span>
     <span class='ocr_line' id='line_1_55' title="bbox 102 5579 1746 5695; baseline 0.003 -52"><span class='ocrx_word' id='word_1_640' title='bbox 102 5579 137 5643; x_wconf 80' lang='lat' dir='ltr'>ei</span> <span class='ocrx_word' id='word_1_641' title='bbox 150 5583 892 5663; x_wconf 75' lang='lat' dir='ltr'>sollicitudinemprelatorumouitorpentes</span> <span class='ocrx_word' id='word_1_642' title='bbox 917 5670 924 5695; x_wconf 35' lang='grc' dir='ltr'>ι</span> <span class='ocrx_word' id='word_1_643' title='bbox 949 5586 1061 5655; x_wconf 84' lang='lat' dir='ltr'>monte</span> <span class='ocrx_word' id='word_1_644' title='bbox 1077 5583 1266 5669; x_wconf 87' lang='lat' dir='ltr'>venturum.</span> <span class='ocrx_word' id='word_1_645' title='bbox 1286 5580 1350 5645; x_wconf 82' lang='lat' dir='ltr'>sed</span> <span class='ocrx_word' id='word_1_646' title='bbox 1366 5580 1402 5642; x_wconf 90' lang='lat' dir='ltr'>ut</span> <span class='ocrx_word' id='word_1_647' title='bbox 1424 5583 1569 5656; x_wconf 84' lang='lat' dir='ltr'>proviae</span> <span class='ocrx_word' id='word_1_648' title='bbox 1593 5583 1746 5649; x_wconf 71' lang='lat' dir='ltr'>circum</span> 
     </span>
    </p>
   </div>
   <div class='ocr_carea' id='block_1_3' title="bbox 0 0 1990 6180">
    <p class='ocr_par' dir='ltr' id='par_1_3' title="bbox 0 0 1990 6180">
     <span class='ocr_line' id='line_1_56' title="bbox 0 0 1990 6180; baseline 0 0"><span class='ocrx_word' id='word_1_649' title='bbox 0 0 1990 6180; x_wconf 95' lang='lat' dir='ltr'> </span> 
     </span>
    </p>
   </div>
  </div>
 </body>
</html>
