3996 6196
117 247 157 307 as
745 314 748 320 ,
789 247 1149 320 onnonounuus:
1222 247 1232 261 “
1732 256 1773 323 ae

118 446 258 511 «quam
284 430 385 509 hujus
410 427 515 494 libelli
541 433 790 497 commentaria.
812 436 917 497 »Nou
972 435 1070 499 uibus
1088 436 1145 500 hic
1164 437 1365 502 conveniunt
1386 438 1547 510 oratores,
1561 440 1773 518 quibusnes·

118 544 198 607 ergo
217 528 385 601 audiendi,
407 529 437 591 si
460 529 517 607 qui
540 530 650 592 miuus
669 532 767 609 periti
797 533 918 595 existi-
972 535 1136 597 cientibus
1148 539 1320 615 quantum,
1332 539 1366 600 et
1377 554 1476 616 quam
1492 539 1772 616 pretiosissimum

118 629 219 701 ment,
234 628 297 689 hoc
309 629 541 704 argumentum
553 645 620 691 uon
632 632 705 708 ejus
717 646 792 695 esse
804 631 918 707 digui-
971 632 1007 693 in
1026 633 1089 694 hac
1109 635 1268 711 praedicta
1287 636 1428 698 ecclesia
1457 636 1684 698 sanctuarium
1710 637 1771 699 Dei

118 726 208 799 tatis,
223 725 311 804 quod
326 742 401 787 cum
413 726 508 789 tauto
519 729 681 804 apparatu
694 729 832 791 tractari
844 746 917 793 mee
972 731 1016 792 sit
1033 731 1252 802 reconditum,
1272 749 1333 810 per
1350 732 1492 796 istarum
1511 735 1771 797 insinuationem

119 825 243 887 reatur.
275 823 488 886 Meminerint
522 825 552 885 si
583 825 639 903 qui
667 826 703 887 in
744 843 787 893 ,66
813 829 919 891 ¹erunt
972 828 1158 890 litterarum
1185 829 1340 893 uolumus
1372 848 1446 893 esse
1476 833 1637 902 notatum,
1659 833 1770 895 saltim

119 922 348 1002 persuasione,
369 921 560 984 hominihus
583 924 683 986 etiam
706 926 919 1003 sapientissi-
973 926 1103 1004 quando
1116 927 1171 988 hic
1184 928 1385 990 conveniunt
1396 929 1437 990 ad
1448 932 1653 993 exorandum
1666 933 1772 993 Deum

118 1021 261 1083 misnen
275 1020 448 1096 indignam
464 1036 538 1082 esse
551 1021 638 1085 hanc
654 1037 790 1100 operam
807 1026 840 1087 61
856 1039 917 1087 co·
973 1025 1033 1087 Dei
1045 1024 1151 1086 tilium
1163 1027 1193 1088 J.
1209 1027 1243 1086 G.
1257 1028 1343 1088 Il.N.
1359 1026 1566 1089 salvatorem
1579 1030 1771 1092 sanctorum

118 1118 313 1195 gitationem
333 1117 369 1180 iu
397 1134 484 1181 nova
506 1121 605 1196 Lege,
633 1121 765 1198 quando
794 1122 829 1185 lu
859 1122 919 1184 illa
973 1138 1033 1201 pro
1052 1139 1135 1200 pace
1154 1124 1279 1186 sanctae
1297 1124 1465 1194 Ecclesiae,
1486 1141 1546 1202 pro
1572 1125 1772 1189 remissione

117 1217 233 1289 reteri,
252 1216 486 1294 mysteriorum
506 1219 695 1281 nostrorum
720 1221 919 1297 gravitatem
973 1222 1121 1283 omnium
1141 1224 1364 1299 peccatorum,
1376 1240 1436 1300 pro
1449 1223 1651 1301 acquirenda
1663 1224 1771 1299 gloria

118 1316 246 1402 tantum
272 1314 501 1388 admirante,
533 1319 621 1379 Deus
650 1318 722 1395 ipse
746 1333 919 1402 sacrorum
973 1319 1328 1390 aeteruaerisionisllei,
1337 1321 1562 1398 prosocietate
1570 1322 1772 1383 aeternorum

117 1413 242 1475 rituum
255 1413 522 1490 descriptionem,
542 1415 662 1493 quihus
680 1416 745 1478 coli
762 1416 918 1479 61116116-
973 1417 1096 1478 civium
1108 1419 1142 1479 et
1153 1419 1344 1479 sanctarum
1355 1419 1553 1481 animarum.

117 1511 186 1573 rari
198 1510 341 1585 volebat,
356 1528 425 1585 non
438 1511 525 1574 infra
538 1529 574 1574 se
586 1513 707 1590 posuit.
1013 1515 1119 1590 Igitur
1137 1516 1211 1592 pest
1228 1514 1359 1578 beatam
1378 1532 1418 1579 ac
1441 1516 1648 1579 salutiferam
1667 1519 1705 1579 Ι).
1727 1515 1771 1585 Ν.

155 1609 196 1670 Et
210 1609 344 1687 quidem
361 1610 473 1686 magni
490 1611 636 1673 nominis
652 1612 717 1675 riri
734 1613 798 1675 hoc
813 1629 919 1691 genus
973 1615 1003 1676 J.
1018 1615 1052 1673 C.
1067 1614 1266 1691 passionem,
1280 1614 1313 1675 et
1331 1613 1373 1675 ah
1391 1614 1508 1675 interis
1527 1615 1707 1689 gloriosam
1720 1615 1773 1693 ip

117 1706 306 1783 argumenti
323 1707 405 1770 adeo
417 1724 485 1770 nou
501 1709 734 1786 despexerunt,
754 1710 790 1773 ut
809 1711 919 1774 studia
973 1710 1043 1773 sins
1062 1711 1352 1781 resurrectionem,
1365 1727 1426 1773 seu
1438 1712 1473 1773 in
1487 1712 1606 1773 coelum
1625 1712 1774 1773 admira-

117 1820 179 1864 sua
201 1820 243 1866 eo
269 1805 477 1868 contulerint.
499 1807 543 1869 Ut
568 1808 657 1869 euim
683 1808 916 1881 Cassandrum,
972 1808 1072 1870 bilem
1096 1809 1342 1878 ascensionem,
1364 1809 1520 1887 percepta
1544 1809 1773 1871 consolatione

117 1902 330 1980 Hittorpium,
357 1903 535 1966 Radullum
561 1905 723 1968 decanum
741 1909 919 1983 Tungreu-
972 1907 1206 1984 gloriosissimi
1227 1907 1389 1969 adventus
1414 1907 1557 1984 Spiritus
1582 1907 1711 1976 Sancti,
1736 1906 1772 1968 in

117 2001 919 2079 sem,aliosquesimilesinterimsileamus;0nu-
973 2005 1096 2068 sortem
1108 2022 1178 2067 suae
1188 2005 1436 2084 praedicationis
1447 2005 1596 2083 Apostoli
1604 1992 1789 2067 itersuum'

116 2096 200 2161 ‘rrius
228 2100 414 2161 Panvinius
438 2101 525 2162 hanc
556 2102 712 2171 ritualem
744 2103 919 2165 materiam
973 2104 1179 2171 direxerunt,
1190 2105 1223 2166 et
1241 2104 1458 2180 dispositione
1477 2102 1658 2167 ineffabilis
1671 2103 1774 2164 mise-

116 2196 251 2274 scriptis
272 2198 342 2260 suis
366 2198 557 2261 illustrarit.
973 2202 1128 2263 ricordiae
1138 2201 1198 2263 Dei
1208 2200 1304 2276 regni
1314 2201 1458 2262 coelestis
1466 2201 1637 2261 senatores
1645 2200 1773 2273 eximii,

156 2296 233 2357 Non
251 2296 429 2360 defuerunt
443 2298 544 2361 etiam
564 2315 608 2377 ex
624 2298 781 2377 antiquis,
800 2298 921 2376 quihus
976 2299 1096 2360 Petrus
1108 2297 1236 2359 scilicet
1248 2297 1281 2359 et
1292 2297 1428 2365 Paulus,
1442 2298 1542 2375 caput
1558 2298 1658 2359 totius
1670 2297 1772 2365 omis.

118 2393 205 2455 idem
224 2395 404 2457 consilium
422 2396 576 2474 idemque
592 2397 724 2473 animus
740 2396 815 2467 suit,
839 2395 922 2456 illu·
975 2395 1064 2457 hanc
1076 2398 1259 2458 Romanam
1271 2395 1426 2457 videlicet
1436 2395 1616 2465 civitatem,
1630 2395 1773 2471 ingressi

116 2491 249 2554 strandi
278 2492 407 2555 scilicet
424 2493 510 2555 ritus
534 2479 716 2555 Romanos.¹
739 2491 921 2570 Plerosque
975 2493 1063 2562 suut,
1076 2493 1112 2554 in
1124 2509 1189 2570 qua
1209 2492 1250 2554 ad
1270 2491 1430 2555 honorem
1449 2495 1487 2555 Ι).
1508 2493 1549 2555 Ν.
1562 2496 1593 2556 J.
1607 2495 1642 2553 C.
1656 2492 1774 2555 catho-

115 2588 918 2667 inuuumcorpusredegitMelchiorHittorpius,
974 2590 1049 2653 licae
1072 2590 1151 2652 fidei
1173 2590 1425 2653 fundamentum
1444 2605 1546 2669 super
1565 2591 1715 2659 Petram,
1736 2590 1773 2653 id

116 2691 217 2765 cujus
231 2686 336 2749 editio
348 2688 398 2749 est
414 2688 449 2748 in
462 2687 611 2749 omnium
626 2686 790 2759 manibus,
804 2688 841 2749 ut
854 2702 918 2748 ne·
974 2687 1025 2750 est
1043 2688 1220 2762 Christum,
1235 2688 1377 2751 fideliter
1395 2688 1602 2751 collocarunt
1615 2709 1624 2750 ε
1637 2706 1697 2767 pro
1712 2705 1774 2750 cu-

116 2800 210 2846 cesse
224 2783 352 2847 nonsit
368 2784 542 2845 auctorum
561 2784 695 2846 illorum
708 2785 843 2846 uomina
856 2784 920 2847 hoo
969 2788 1027 2864 jus
1039 2785 1270 2849 aedificationis
1282 2786 1488 2850 incremento
1506 2803 1612 2866 usquo
1628 2787 1669 2849 ad
1687 2802 1774 2851 mor-

118 2881 189 2945 loco
210 2895 400 2943 recensere.
421 2881 481 2943 His
507 2881 711 2960 adjungendi
736 2883 814 2946 sunt
846 2885 920 2946 Ru·
973 2885 1040 2947 tem
1063 2885 1284 2958 decertarunt,
1310 2901 1370 2964 pro
1383 2888 1490 2964 qu'us
1509 2901 1623 2948 amore
1646 2885 1774 2962 glorio*s

119 2980 242 3057 pertus,
278 2979 448 3042 lohannes
481 2979 649 3053 Beletllus,
680 2982 713 3043 et
743 2981 919 3043 Durandus
974 2996 1047 3045 sum
1071 2984 1267 3061 sanguinem
1295 2998 1393 3047 suum
1421 2984 1626 3057 effuderuut;
1650 2999 1690 3045 ac
1713 2983 1774 3046 de·

120 3080 256 3156 uterque
273 3094 372 3156 :quos
385 3093 506 3154 magno
518 3078 650 3155 agmine
661 3080 812 3156 sequitur
821 3078 919 3141 turha
973 3081 1074 3160 nique
1092 3082 1232 3145 mortem
1252 3083 1377 3153 crucis,
1393 3081 1425 3145 et
1439 3081 1542 3159 gladii
1550 3080 1773 3158 >temporalem

120 3176 355 3248 recentiorum,
373 3175 431 3238 sed
449 3175 613 3253 insignior
629 3192 698 3254 prm
718 3176 838 3239 ceteris
855 3177 919 3255 piae
973 3179 1165 3249 subeuntes,
1189 3181 1291 3256 Regis
1314 3179 1451 3257 superui
1476 3180 1604 3241 curiam
1630 3177 1773 3240 laureati

122 3274 289 3337 memoriae
306 3274 487 3336 cardinalis
505 3277 608 3337 Bona.
627 3277 677 3336 Ex
692 3274 760 3336 illis
773 3275 919 3352 antiquis
973 3277 1150 3354 petierunt.
1164 3278 1223 3339 Isti
1235 3278 1313 3338 sunt
1323 3277 1389 3337 viri
1408 3276 1525 3347 sancti,
1540 3291 1681 3352 quorum
1693 3275 1775 3345 doc-

123 3371 312 3434 auctoribus
342 3372 542 3445 Amalarius,
571 3371 604 3434 et
628 3372 686 3450 qui
715 3371 776 3437 sub
799 3372 920 3433 humili
974 3374 1063 3436 trina
1074 3373 1179 3449 fulget
1190 3373 1339 3435 Ecclesia
1354 3393 1361 3431 :
1376 3386 1475 3448 quam
1499 3371 1655 3446 antiquus
1668 3369 1774 3431 hostis

124 3472 250 3533 nomine
265 3470 371 3533 latere
383 3469 489 3533 voluit
505 3470 718 3546 Mlcrologus,
736 3470 867 3532 libellos
880 3469 920 3530 de
975 3486 1035 3547 per
1046 3472 1213 3531 Neronem
1225 3469 1380 3546 primum,
1391 3467 1510 3529 deiude
1522 3483 1583 3546 per
1591 3467 1775 3529 succedam·

125 3568 243 3631 Ordine
280 3572 430 3632 Romano
467 3568 648 3631 studiosius
682 3568 795 3629 rimati
832 3568 918 3639 sunt,
974 3568 1025 3630 tes
1044 3567 1211 3646 principes
1230 3580 1290 3644 per
1301 3566 1467 3629 trecentos
1479 3582 1587 3628 annos
1603 3566 1636 3628 et
1648 3581 1687 3628 eo
1700 3580 1775 3627 am-

126 3667 220 3744 atque
236 3667 347 3728 exeis
363 3666 509 3729 aliarum
520 3665 745 3727 Ecclesiarum
761 3664 846 3727 ritus
863 3665 921 3727 aut
975 3666 1062 3744 plius
1070 3665 1277 3743 impugnavit
1284 3666 1317 3727 61
1324 3664 1503 3738 concussit,
1513 3665 1571 3727 sed
1581 3663 1774 3727 nullatenus

125 3764 350 3839 correxerunt,
364 3764 423 3826 aut
433 3763 655 3826 illustrarunt.
973 3764 1124 3827 evertere
1136 3764 1251 3826 uelauit.
1260 3767 1366 3838 Quum
1378 3763 1467 3828 enim
1480 3763 1605 3841 placuit
1617 3762 1659 3837 61,
1668 3764 1725 3842 qui
1731 3762 1774 3825 u-

285 3848 293 3862 ’
974 3863 1065 3926 deles
1084 3876 1163 3926 suos
1182 3862 1262 3940 igne
1279 3861 1445 3940 passionis
1463 3861 1616 3940 permisit
1642 3860 1774 3922 exami-

127 3970 189 4049 lll.
213 3972 453 4033 EXGERPTA
474 3972 506 4031 iil
525 3970 716 4032 JOANNIS
734 3968 923 4032 DIACONI
974 3961 1061 4032 nari,
1082 3959 1317 4024 Constantinus
1335 3959 1516 4036 Augustus,
1537 3959 1721 4021 Constantii
1740 3959 1775 4023 et

129 4069 276 4131 LIBRIS
286 4072 350 4131 DE
361 4070 577 4131 ECGLESIA
589 4068 919 4130 LAPERANENSI.
975 4060 1110 4123 Helenae
1135 4059 1235 4130 tilius,
1261 4058 1399 4167 culmen⁸
1423 4056 1559 4166 imperii
1587 4055 1706 4166 subiit,
1737 4056 1774 4165 et

185 4228 352 4291 innomine
366 4235 473 4287 sancte
491 4235 520 4287 el
534 4225 688 4286 individua
701 4225 856 4285 Trinitatis.
975 4154 1605 4331 Effiesdssnclfijffiffiefflffif
1607 4169 1699 4312 ¹¹22?
1707 4169 1775 4312 111¹ss
1787 4294 1789 4303 Ι

167 4370 284 4451 Incipit
302 4373 461 4451 scriptum
480 4371 521 4434 (ιθ
540 4384 703 4449 supromae
729 4367 921 4433 sanctuario
975 4362 1090 4416 mensa
1116 4351 1176 4414 Dei
1204 4351 1310 4431 pietas
1335 4350 1516 4414 electorum
1538 4364 1674 4458 suorum
1701 4347 1775 4411 cle-

132 4472 248 4533 sanctae
274 4472 334 4533 uel
358 4474 527 4540 nomana,
547 4469 593 4530 iu
605 4466 656 4531 est
671 4466 919 4537 v[sennensis.
975 4451 1137 4515 mentium
1158 4449 1201 4511 aa
1219 4465 1255 4511 se
1274 4447 1381 4512 aaron
1399 4448 1433 4509 et
1451 4447 1614 4522 angusuae
1638 4452 1795 4519 compca

133 4566 512 4647 ecclesiae,compositum
522 4564 564 4628 de
573 4565 719 4628 archivis
731 4565 765 4627 et
775 4560 921 4641 andquis
975 4551 1074 4619 tiens,
1087 4545 1269 4610 calamitati
1288 4546 1322 4606 et
1340 4543 1484 4604 miseriae
1502 4541 1603 4649 tantae
1615 4554 1776 4650 persecu-

134 4662 322 4730 Pontitlcum
350 4671 575 4731 Romanorum
600 4663 715 4741 gestis,
736 4676 810 4740 quse
828 4660 923 4723 vide-
975 4647 1077 4709 tionis
1107 4644 1207 4706 tinem
1232 4642 1404 4721 imponere
1429 4652 1496 4702 non
1521 4636 1660 4749 distulit.
1688 4638 1774 4749 Quid

134 4758 205 4824 licet
232 4763 374 4827 ecclesia
407 4762 640 4844 patriarchalis
672 4762 719 4823 et·
737 4758 921 4837 imperialis
976 4744 1093 4823 plural
1115 4741 1202 4805 sicut
1231 4738 1468 4851 enim-invita
1489 4737 1596 4800 sancti
1619 4736 1773 4849 Silvestm

135 4858 923 4941 privilegioacpraerogatirasanctaeSedisApos·
975 4843 1108 4921 legitur,
1135 4840 1293 4920 praelatus
1323 4837 1504 4916 lmlelalffl’
1521 4835 1774 4949 ‘Constantinus

134 4955 244 5031 tolioae,
257 4961 345 5025 dono
360 4961 477 5038 grang
494 4956 554 5022 Dei
572 4957 754 5021 salvatoris
770 4956 849 5018 Μ,
864 4970 923 5016 su.
975 4940 1174 5020 elephantiae
1185 4939 1278 5016 lepra
1290 4954 1311 4999 a
1322 4939 1390 4999 Deo
1403 4934 1587 5014 percutitur
1599 4956 1608 4997 ε
1622 4949 1677 5045 cur
1689 4950 1775 5045 pou·

135 5064 324 5130 perennes
349 5059 508 5122 ecclesias
526 5057 633 5121 totius·
647 5054 737 5118 orbis
755 5055 921 5117 terrarum
974 5040 1082 5104 filliis
1113 5037 1261 5117 capitolii
1289 5036 1359 5145 'hoc
1390 5033 1567 5145 dederunt·
1582 5033 1772 5143 eonslllllm

136 5151 251 5220 ohdnet
279 5157 538 5221 dominationem
562 5154 662 5233 atque
687 5151 921 5231 principatum,
976 5137 1139 5219 quatenus
1160 5135 1196 5197 in
1214 5134 1378 5213 Pissslssam
1396 5129 1774 5195 ⁰001⁸0r¹1m1ssfass1111m

136 5256 431 5327 electrannum
444 5252 713 5332 autumnoue
726 5250 923 5313 curminsset
975 5235 1140 5312 sanguine
1158 5233 1290 5312 alenam
1314 5225 1668 5342 nunusueseameret,
1693 5225 1727 5287 et
1743 5238 1774 5332 ‚a

137 5349 268 5416 nomm
282 5354 415 5434 imponi
434 5366 553 5417 noman
562 5350 709 5430 possidet
727 5349 920 5426 gloriosum.
975 5334 1069 5413 leura
1087 5335 1137 5397 sn
1156 5330 1336 5397 mundatus
1350 5323 1774 5408 pmsmameamtatemsu

139 5450 469 5530 11116116111611616166
481 5450 746 5515 orbisterrarum
758 5446 923 5509 111116161-
975 5432 1150 5512 ΐθθὶβθΐθῖν
1163 5430 1226 5497 Oli·
1281 5440 1284 5446 “

137 5544 176 5607 tri
198 5550 345 5615 ecclesiae
375 5550 496 5614 debitae
518 5546 735 5629 subtedionis
762 5544 922 5609 exhibere
1016 5539 1143 5603 Deinde
1177 5535 1389 5618 privilegium
1426 5533 1586 5595 Romana
1614 5523 1774 5597 llcolesiae

137 5630 225 5709 (161161
241 5649 454 5731 obsequium3
475 5647 570 5711 multi
589 5662 631 5711 ex
650 5644 791 5711 dirersis
810 5644 923 5724 regio·
977 5638 1130 5703 Pontitlcl
1152 5634 1303 5704 contulit,
1326 5632 1363 5694 ui
1380 5631 1415 5692 in
1434 5627 1504 5690 toto
1524 5623 1604 5688 orbe
1623 5625 1773 5688 Romano
