3952 6188
204 315 264 377 819
667 314 844 378 HONORII
864 316 912 377 ΙΙΙ
933 316 1080 379 OPERA.
1097 346 1135 361 -
1152 318 1382 381 SERMONES.
1793 320 1861 383 820

205 472 434 546 novissimum,
463 474 496 535 et
518 472 727 548 altissimum,
751 474 812 536 oht
841 475 1000 537 humilem
1054 477 1105 538 Ne
1126 476 1276 538 diabolus
1295 477 1473 540 interficiat
1488 492 1559 550 nos,
1577 476 1612 539 in
1631 477 1748 539 anima
1763 480 1859 555 pati-

205 574 240 633 et
254 571 439 644 sublimem,
456 571 516 632 oht
542 571 752 649 opprobrium
773 573 944 635 homiuum
968 576 1001 637 et
1053 575 1109 635 tur
1120 576 1153 636 et
1167 591 1315 652 corpore.
1327 578 1399 637 Hac
1414 576 1524 652 itaque
1538 575 1787 651 significatione
1801 593 1858 637 aa·

205 668 313 744 gloria
344 670 556 743 angelorumt
588 671 692 731 Nemo
726 670 787 731 illo
814 671 998 740 sublimior,
1054 673 1238 734 maritanas
1261 676 1312 734 est
1340 673 1494 734 Salvator
1516 673 1639 735 noster.
1667 673 1733 735 Sed
1763 674 1857 736 hauc

205 780 303 827 nemo
332 766 499 827 humilior.
516 768 666 844 Denique
687 768 793 844 sputis
808 767 913 829 illitus
937 771 996 841 est,
1053 769 1242 846 opinionem
1257 771 1350 847 impii
1364 770 1471 832 ludaei
1488 770 1529 831 de
1544 770 1675 831 Christo
1699 787 1769 833 non
1784 771 1857 832 ha-

204 864 238 925 et
260 863 446 951 opprobriis
468 865 635 926 saturatus
655 866 717 937 est,
745 866 851 927 morte
873 867 1000 943 turpis-
1053 865 1182 939 hebent,
1209 871 1242 929 et
1267 868 1340 928 ideo
1366 868 1531 929 vocabant
1555 884 1630 928 eum
1659 869 1855 945 respective

204 962 287 1021 sima
315 961 561 1024 comdemnatus
576 963 635 1035 est,
654 979 728 1023 cum
748 963 918 1025 sceleratis
944 980 999 1025 re-
1053 966 1303 1036 samaritanum,
1325 965 1420 1042 quasi
1435 965 1535 1025 vilem
1557 966 1591 1026 et
1608 965 1852 1041 alienigenam,

202 1059 337 1135 putatus
368 1062 429 1119 est.
450 1059 600 1120 Nihilne
626 1060 818 1122 moerebitur
844 1062 896 1123 vel
934 1062 999 1124 ista
1053 1075 1092 1120 eo
1107 1060 1193 1138 quod
1207 1059 1456 1123 Samaritanide
1471 1059 1721 1123 cohabitatione
1732 1062 1855 1123 Judae-

203 1154 385 1228 humilitas,
395 1172 467 1234 quae
480 1156 568 1219 hunc
576 1156 676 1220 habet
690 1158 834 1232 modum,
845 1174 919 1236 qnae
930 1160 998 1221 tam
1053 1173 1146 1219 orum
1175 1158 1208 1219 et
1227 1160 1325 1233 gente
1347 1174 1412 1219 non
1436 1158 1542 1225 erant,
1566 1159 1600 1219 et
1616 1159 1658 1220 ad
1684 1158 1765 1219 illos
1783 1174 1853 1220 non

203 1254 254 1314 est
267 1253 354 1314 ultra
371 1254 522 1314 moduml
1052 1254 1271 1332 pertinebant.
1298 1255 1458 1316 Similiter
1472 1257 1505 1316 θῖ
1525 1254 1584 1315 illa
1598 1255 1723 1316 mulier
1737 1271 1855 1316 sama-

244 1350 336 1412 Sicut
351 1352 401 1413 est
414 1352 574 1428 patientia
590 1353 782 1429 singularis,
802 1354 852 1415 sio
874 1356 907 1415 et
930 1354 997 1415 hu·
1052 1354 1172 1425 ritana,
1196 1368 1269 1430 quae
1299 1353 1347 1414 aii
1379 1354 1518 1413 Domino
1549 1368 1670 1430 aquam
1702 1354 1850 1430 petenti:

202 1448 327 1508 militas
342 1448 569 1524 admirabilis3
589 1452 728 1528 utraque
749 1451 820 1512 sine
833 1453 996 1528 exemplo.
1052 1454 1232 1522 (iamneae,
1252 1450 1290 1511 tu
1312 1453 1453 1512 hadmar
1477 1466 1584 1524 quam
1596 1454 1659 1522 ets,
1679 1467 1704 1511 a
1724 1466 1782 1513 me
1798 1454 1853 1512 m-

205 1547 385 1623 Utramque
399 1547 510 1608 tamen
525 1548 701 1623 magnifice
714 1564 815 1610 causa
827 1549 899 1626 ipsa
913 1566 998 1610 com-
1052 1550 1131 1609 bere
1140 1551 1266 1620 posms,
1280 1563 1357 1621 quae
1370 1562 1449 1609 sum
1461 1551 1588 1610 rtcmier
1600 1549 1852 1609 amanzenas

202 1644 354 1713 mandat,
385 1643 541 1704 nimirum
571 1646 717 1706 charitas
740 1649 808 1708 'est
844 1648 998 1721 Propter
1050 1648 1130 1707 Non
1157 1648 1250 1706 cutm
1273 1644 1591 1706 contemnentem
1610 1645 1851 1706 suaseramus

202 1743 348 1800 nimiam
368 1742 573 1802 charitatem
592 1758 660 1816 qua
680 1745 801 1805 aaran
823 1759 885 1806 nos
905 1749 997 1806 Deras
1052 1740 1162 1819 (Joan.
1189 1757 1235 1813 rv,
1256 1740 1302 1821 9).
1327 1744 1377 1803 Er
1398 1758 1462 1819 qno
1484 1741 1584 1802 facile
1605 1741 1750 1813 videtur,
1769 1743 1850 1818 quia

204 1834 301 1914 (pr.
318 1852 355 1907 11,
369 1835 413 1916 4).
427 1839 470 1899 Ut
482 1854 612 1900 servum
624 1840 812 1912 redimeret,
827 1858 888 1903 nec
899 1843 998 1902 Pater
1051 1854 1112 1915 per
1122 1839 1322 1916 vituperium
1338 1838 1530 1916 objecerunt
1544 1837 1652 1900 Judaei
1667 1860 1675 1897 ε
1689 1840 1771 1915 quia
1788 1855 1849 1899 sa-

203 1933 300 2004 Filio,
325 1949 387 1995 neo
413 1932 477 1994 sibi
505 1936 609 1996 Filius
635 1936 706 2013 ipse
729 1940 885 2015 pepercit.
911 1941 997 2000 Vere
1051 1937 1235 1996 merlianus
1257 1952 1294 1997 es
1316 1938 1363 2007 tu,
1391 1936 1477 1997 siout
1499 1937 1533 1996 et
1551 1951 1610 2011 per
1629 1934 1847 2011 vituperium,

202 2030 317 2103 nimia,
334 2032 412 2107 quia
431 2034 465 2093 θῖ
485 2032 539 2094 hie
554 2046 742 2119 mansuram
758 2035 898 2108 excedit,
920 2052 996 2097 mo·
1051 2032 1250 2094 daemonium
1266 2032 1380 2094 habes.
1396 2036 1482 2093 Nam
1495 2033 1523 2092 si
1542 2032 1787 2092 samaritanum
1796 2049 1853 2094 vo-

202 2128 279 2188 dum
305 2130 449 2205 superat,
466 2129 564 2207 plane
588 2132 838 2208 supereminens
860 2134 998 2195 univer·
1051 2131 1182 2191 cassent
1210 2130 1436 2206 significantes
1470 2145 1546 2190 eum
1578 2144 1652 2189 esse
1676 2129 1850 2190 custodem

205 2225 262 2286 sis.
301 2230 475 2300 Maiorem
514 2231 607 2289 etaim
646 2231 853 2291 charitatem
896 2246 997 2293 memo
1047 2228 1144 2303 juxta
1161 2228 1304 2287 nominis
1324 2226 1641 2303 interpretationem,
1663 2242 1741 2285 eum
1765 2242 1848 2302 pro-

202 2325 301 2385 earet
327 2325 367 2385 ut
393 2329 549 2386 catenam
573 2341 675 2388 suom
696 2329 802 2401 ponet
829 2331 906 2401 quis
928 2342 997 2402 pro
1051 2324 1137 2384 tecto
1158 2322 1351 2385 laudassent
1364 2340 1462 2401 quem
1487 2321 1639 2383 omuibus
1656 2323 1766 2383 modis
1789 2323 1851 2384 de-

202 2423 324 2482 amtcts
335 2424 408 2482 sats
422 2419 531 2499 (toan.
543 2436 601 2491 xv,
616 2422 679 2501 13).
696 2426 855 2500 Majorem
868 2423 994 2496 habuit,

203 2521 262 2597 qni
285 2536 345 2599 pro
366 2522 511 2584 inimicis
540 2525 659 2600 posuit
689 2525 782 2586 Unde
800 2526 995 2603 Apostolus:

203 2619 315 2684 Quum
334 2623 444 2682 adhuc
464 2623 597 2682 mimici
611 2636 775 2693 essemus,
790 2626 996 2685 recondita-

202 2715 254 2774 vtt
265 2728 329 2775 uos
341 2719 435 2778 Deus
445 2733 512 2790 per
526 2719 677 2780 azortem
694 2722 775 2780 Fuit
789 2723 865 2792 ejas
878 2717 906 2797 (1
921 2721 995 2781 Cor.

202 2825 260 2882 vu,
284 2808 348 2890 11).
375 2813 532 2882 Quaenam
558 2829 637 2890 ergo
663 2815 828 2877 videbitur
852 2816 919 2876 alia
944 2817 997 2877 vel

203 2906 386 2980 misserat
402 2924 485 2979 esse,
500 2910 554 2971 vel
568 2909 639 2972 fore
654 2911 773 2972 similis
792 2911 870 2973 huic
884 2912 998 2974 ehari-

202 3005 317 3068 ritatit
338 3007 405 3067 Vix
424 3022 484 3083 pro
499 3008 591 3084 J'usto
608 3007 682 3084 quis
701 3009 851 3083 moritur,
868 3009 923 3071 bic
937 3026 997 3087 pro

203 3100 336 3179 inJ'ustis
349 3107 512 3166 'mortuus
534 3108 601 3180 est;
631 3106 760 3183 patiens
781 3108 915 3183 propter
933 3107 996 3168 de-

158 3218 164 3225 ·
202 3199 281 3262 licta
307 3202 432 3270 nostra,
454 3203 559 3277 gratis
581 3204 769 3279 justificans
793 3204 994 3280 peccatores,

203 3314 317 3360 servos
344 3299 469 3361 taciens
496 3300 636 3372 iratres,
661 3301 807 3378 captivos
833 3302 994 3374 haeredes,

202 3396 318 3456 exules
332 3412 440 3473 reges.
452 3398 558 3473 Digna
568 3413 647 3474 ergo
660 3399 807 3460 charitas
819 3400 887 3460 tam
901 3400 998 3461 inaes·

201 3490 371 3563 timabilis,
399 3492 571 3554 humilitas
591 3496 659 3554 tam
689 3494 906 3568 admirabilis,
937 3512 998 3572 pa-

202 3586 320 3648 tientia
330 3590 398 3650 tam
408 3588 659 3667 insuperabilist
672 3593 709 3651 ln
720 3591 773 3652 his
784 3592 997 3653 omnibusne-

202 3682 308 3743 tendit
335 3684 540 3759 patientiam,
562 3702 660 3762 quam
680 3687 769 3747 circa
786 3703 847 3749 nos
868 3686 994 3761 habuit,

203 3780 236 3840 et
256 3778 329 3839 ideo
346 3779 410 3840 ista
432 3782 543 3841 omnia
558 3785 634 3842 sunt
652 3783 773 3843 divinae
799 3784 994 3847 clementiae.

244 3875 337 3937 Unde
352 3876 452 3937 etiam
469 3877 504 3937 in
520 3877 583 3938 hoc
596 3879 786 3954 Evangelio,
803 3896 877 3940 cum
890 3881 998 3941 dixis-

202 3975 276 4033 sent
289 3973 417 4034 Judaei:
436 3978 560 4037 Nomte
576 3977 659 4036 bene
678 3978 823 4037 dammam
842 3991 905 4039 nos
916 3981 997 4052 quta

202 4072 442 4132 samaritanus
467 4087 504 4133 es
519 4072 567 4143 ro,
593 4072 626 4134 et
643 4075 851 4134 daemonium
871 4078 997 4137 hebes?

203 4166 350 4238 Quadam
369 4168 499 4229 ratione
511 4170 670 4230 Dominus
694 4171 917 4231 samaritanus
932 4173 993 4245 est,

202 4266 235 4325 et
249 4265 391 4342 quadam
403 4265 532 4328 ratione
547 4268 684 4328 Creator
698 4268 844 4328 omnium
864 4270 997 4331 creatu-

200 4377 313 4423 rarum
340 4363 538 4425 daemonium
567 4363 666 4427 hahet
691 4366 724 4426 et
747 4366 894 4442 possidet
910 4367 997 4428 sicut

202 4474 316 4520 omnes
330 4461 415 4522 alias
430 4463 611 4523 creaturas.
632 4462 695 4523 Sed
717 4463 897 4524 secundum
912 4480 995 4540 pra·

1051 2421 1193 2496 primere
1211 2421 1416 2495 satagebant.
1435 2420 1596 2483 Similiter
1615 2424 1656 2483 de
1671 2421 1732 2482 illo
1749 2436 1850 2497 quem

1052 2518 1199 2578 latrones
1209 2518 1472 2594 expoliaverant,
1482 2522 1515 2579 et
1526 2519 1760 2580 Samaritanus
1774 2534 1849 2578 cum

1051 2628 1091 2674 eo
1123 2613 1202 2676 lecit
1234 2614 1508 2688 misericordiam,
1546 2618 1632 2678 sicut
1664 2615 1791 2692 legitur
1812 2616 1849 2676 in

1051 2710 1251 2787 Evangelio:
1278 2712 1506 2773 Samaritanus
1524 2712 1703 2773 infundens
1724 2713 1846 2783 oleum,

1051 2809 1086 2869 et
1104 2808 1230 2881 vinum,
1244 2809 1277 2870 et
1291 2810 1532 2871 commendavit
1550 2826 1625 2871 oum
1648 2808 1847 2871 stabulario.

1053 2905 1238 2966 Secundum
1260 2905 1347 2966 hanc
1367 2906 1620 2982 intelligentiam
1644 2922 1714 2967 non
1744 2908 1851 2983 potnit

1051 3003 1209 3063 Dominus
1244 3002 1373 3064 dicere:
1408 3004 1637 3065 Samaritanus
1669 3019 1739 3064 non
1761 3019 1847 3075 sum,

1051 3098 1146 3170 idest,
1157 3099 1267 3161 custos
1279 3116 1347 3161 non
1361 3116 1445 3161 sum.

1092 3197 1181 3268 Quod
1197 3213 1277 3259 vero
1298 3198 1365 3259 alt:
1390 3198 1595 3259 Daemonium
1619 3213 1686 3259 non
1713 3196 1842 3259 habeo:

1051 3295 1092 3355 ad
1114 3310 1228 3355 eorum
1252 3295 1368 3357 retulit
1395 3312 1545 3368 sensum,
1570 3295 1627 3372 qui
1646 3312 1707 3372 per
1725 3295 1789 3356 hoe
1813 3296 1846 3356 ei

1051 3392 1189 3468 maligni
1202 3392 1338 3469 spiritus
1353 3393 1524 3454 infamiam
1544 3392 1770 3469 imponebant,
1793 3393 1846 3453 si-

1051 3492 1107 3551 cut
1118 3491 1240 3566 legitur
1250 3492 1285 3551 in
1298 3491 1498 3567 Evangelio:
1522 3490 1686 3552 Pharisaei
1705 3492 1740 3552 et
1756 3491 1844 3551 scri-

1050 3586 1101 3649 bae
1127 3587 1393 3665 blasphemantes
1414 3590 1530 3650 contra
1552 3588 1728 3649 Dominum
1748 3588 1843 3650 dioe-

1050 3685 1130 3746 hant
1143 3684 1251 3761 ipsum
1267 3702 1333 3746 non
1346 3685 1492 3762 potentia
1505 3700 1575 3745 suae
1585 3685 1770 3747 divinitatis
1785 3684 1845 3745 sed

1050 3783 1086 3843 in
1107 3781 1289 3843 Beelzebub
1308 3783 1452 3853 nomine,
1473 3782 1634 3859 principis
1655 3781 1846 3843 daemonio-

1050 3896 1135 3952 rum,
1152 3894 1270 3941 curare
1291 3880 1468 3954 languores
1482 3879 1515 3940 et
1529 3879 1650 3955 etlcere
1666 3877 1847 3939 daemonia.

1052 3976 1126 4048 Sed,
1150 3976 1180 4036 si
1203 3976 1245 4036 ad
1266 3976 1446 4051 potentiam
1468 3976 1501 4037 θῖ
1519 3976 1729 4053 majestatem
1751 3991 1847 4037 suem

1050 4073 1209 4134 Dominus
1219 4072 1397 4133 creationis
1406 4072 1532 4133 reterre
1543 4072 1718 4143 voluisset,
1730 4072 1846 4148 utique

1050 4186 1116 4230 non
1140 4169 1246 4231 solum
1268 4168 1443 4240 daemonia,
1464 4169 1522 4228 sed
1550 4183 1684 4229 omnem
1709 4169 1846 4229 omnino

1050 4268 1238 4329 creaturam
1261 4281 1297 4326 se
1320 4265 1491 4343 possidere
1516 4266 1549 4326 et
1573 4264 1710 4336 habere,
1729 4281 1846 4326 verum

1050 4364 1199 4426 dixisset.
1227 4366 1455 4433 Daernoutum,
1483 4362 1601 4439 inquit,
1630 4377 1703 4424 non
1729 4366 1844 4432 habeo,

1050 4460 1106 4522 sed
1119 4461 1230 4523 omnia
1242 4460 1406 4521 daemonia
1419 4459 1455 4519 in
1465 4458 1627 4536 potestate
1637 4474 1715 4520 mea
1726 4458 1845 4520 haheo.

200 4571 276 4616 vam
304 4556 522 4621 intentionem
544 4559 736 4621 ludaeorum
762 4575 822 4620 nec
849 4560 995 4621 samari·
1050 4560 1187 4619 Tantam
1203 4556 1435 4618 contumeliam
1447 4558 1481 4617 et
1493 4554 1651 4631 inJuriam
1667 4555 1848 4617 verborum

201 4653 300 4714 tanus
321 4658 381 4727 est,
409 4671 471 4717 nee
494 4656 693 4718 daemonium
713 4656 823 4717 habet.
847 4657 997 4718 Samari·
1049 4655 1214 4733 patienter
1227 4654 1395 4715 sustinens
1410 4651 1582 4729 respondit
1595 4652 1645 4712 eis
1659 4674 1668 4711 ε
1684 4655 1761 4728 Ego
1777 4656 1849 4715 dm-

199 4750 298 4812 tanus
332 4751 464 4827 quidem
496 4752 655 4813 Dominus
685 4756 753 4827 est,
786 4754 870 4815 teste
899 4752 996 4816 beato
1048 4755 1204 4815 mentum
1216 4764 1284 4812 nou
1299 4753 1412 4821 bedec,
1427 4750 1685 4821 sedhortmtttco
1697 4750 1848 4812 Patrem

203 4846 379 4921 Gregorio,
403 4849 480 4923 quia
506 4850 729 4911 samaritanus
759 4850 996 4928 interpretatur
1048 4864 1176 4921 meum,
1190 4848 1223 4910 et
1237 4862 1298 4909 vos
1320 4846 1555 4909 tatamzorasttr
1568 4843 1751 4926 messend.
1770 4860 1844 4918 vni,

203 4944 325 5004 custos.
350 4945 390 5004 Et
410 4944 482 5020 ipse
508 4945 559 5005 est
578 4960 678 5005 verus
700 4948 821 5019 custos,
846 4953 904 5023 qut
927 4951 996 5010 nist
1049 4944 1114 5026 49).

201 5041 402 5103 custodtertt
424 5041 610 5112 civitatem,
637 5045 676 5103 ta
700 5058 830 5105 cauum
852 5049 996 5123 vipdaat
1088 5046 1182 5104 Hanc
1207 5040 1401 5119 patientiam
1426 5037 1613 5100 mirabatur
1632 5039 1745 5101 Isaias
1762 5055 1847 5118 pro·

201 5138 466 5212 quicmtodtunt
479 5151 567 5199 eam.
591 5140 666 5216 Ipse
680 5141 768 5201 Deus
781 5142 925 5204 custodit
938 5144 995 5204 in·
1049 5141 1148 5221 pheta
1162 5155 1238 5202 cum
1254 5138 1401 5199 diceret:
1423 5137 1520 5198 Sicut
1539 5139 1615 5198 θυῖε
1632 5139 1679 5198 ad
1698 5140 1848 5199 ooctsio-

200 5237 337 5297 troitum
352 5238 501 5297 nostrum
517 5236 549 5298 et
563 5235 690 5297 exitum
710 5241 859 5299 nostrum
874 5256 917 5302 ex
932 5241 995 5304 hcc
1048 5254 1130 5301 uem
1140 5236 1334 5307 duetusest
1353 5234 1387 5295 et
1403 5234 1492 5296 sicat
1505 5247 1618 5309 agnus
1629 5247 1753 5295 eorem
1765 5235 1847 5296 ton·

202 5349 292 5394 nuno
310 5333 343 5395 et
361 5349 465 5410 usque
487 5333 522 5394 in
545 5333 715 5394 saeculum.
741 5335 834 5397 Unde
869 5338 993 5399 Isaias:
1049 5335 1149 5397 dente
1162 5348 1199 5395 se
1208 5332 1387 5403 obmutuit,
1403 5332 1438 5392 et
1451 5344 1521 5391 aea
1535 5332 1851 5404 rememorarem

203 5432 324 5493 oratos
342 5434 422 5505 quid
441 5433 482 5492 de
502 5432 622 5492 nocte?
644 5430 792 5492 Christus
814 5433 864 5494 est
885 5436 996 5497 custos
1051 5430 1107 5511 (Is.
1115 5446 1186 5503 mn,
1197 5426 1345 5507 7).Hano
1354 5428 1480 5489 tantam
1487 5425 1683 5503 patientiam
1693 5426 1849 5489 Christus

202 5527 325 5599 noster,
346 5529 404 5604 qui
425 5526 569 5588 custodit
590 5542 650 5587 nos
665 5526 700 5586 in
715 5531 811 5590 nocie
833 5532 995 5594 malarum
1049 5530 1083 5589 et
1104 5525 1244 5590 dicendo
1266 5524 1476 5602 significavit,
1497 5524 1532 5584 et
1551 5522 1710 5599 patiendo
1732 5540 1852 5586 mons-

204 5622 451 5695 oogitationum,
466 5623 546 5685 etin
558 5624 654 5686 nocte
667 5625 831 5689 malorum
845 5643 992 5705 operum.
1049 5625 1159 5696 travit,
1176 5623 1254 5702 quia
1267 5622 1355 5685 siout
1367 5620 1449 5684 thet
1463 5620 1526 5683 luit
1539 5620 1651 5697 justus
1666 5621 1701 5683 et
1716 5622 1849 5700 patiens
