3980 6198
201 260 261 321 201

204 417 998 496 induciassibierhiberi.Procuratorespraedicti

202 516 444 593 responderunt
458 531 476 578 e
488 514 614 587 contra,
626 515 713 593 quod
728 515 999 593 archiepiscopus

203 614 266 676 etsi
285 630 351 675 non
365 612 597 691 personaliter,
610 612 722 675 tarnim
737 628 796 691 per
809 614 943 676 nuntios
966 613 1000 675 et

202 711 331 773 litteras
344 710 527 772 deliberare
536 711 642 787 potuit
651 726 752 787 super
760 711 823 772 hoc
833 726 908 771 curn
919 726 1000 773 cou-

203 810 314 881 ventu,
331 808 418 869 unde
430 824 496 869 uon
509 808 604 869 erant
617 808 648 868 ei
662 808 838 870 ulteriores
855 807 998 869 induciae

89 974 92 979 ,
203 905 423 981 indulgendae,
440 921 482 966 ne
496 904 705 982 prorogando
715 905 891 981 judicium,
904 905 1000 967 uide-

202 1018 315 1064 remur
328 1003 468 1080 J‘ustitiae
488 1003 662 1079 derogare.
676 1003 746 1063 Nos
769 1002 872 1078 igitur
885 1003 998 1064 atten-

202 1100 316 1163 dentes
331 1099 416 1177 quod
433 1100 560 1177 aequius
573 1101 634 1172 est,
647 1100 734 1177 parti
749 1099 791 1160 ad
805 1099 998 1161 deliberan-

202 1198 279 1259 dum
288 1197 466 1272 largiorem
476 1196 892 1275 (mterminumiudulgere,
900 1213 998 1274 quarn

201 1294 294 1356 litem
308 1294 481 1356 breviandi
505 1296 668 1372 praetextu
687 1293 867 1372 procedere
889 1295 999 1356 minus

202 1393 302 1464 clare,
319 1391 428 1453 adhuc
449 1393 481 1454 ei
504 1392 681 1453 terminum
705 1391 860 1453 duximus
882 1391 999 1453 indul-

202 1489 358 1565 gendum.

392 1677 654 1750 Archteptacopo
674 1678 740 1736 Tot.
763 1669 774 1744 l
795 1676 818 1751 t.

496 1825 632 1888 CAPUT
654 1827 710 1887 ΙΙΙ.

243 1961 300 2031 Te,
314 1975 353 2020 ac
364 1963 492 2022 loanne
504 1962 637 2020 Bracar.
652 1959 774 2020 clerico
786 1958 1000 2035 procuratore

203 2073 277 2117 ren.
289 2057 311 2116 i.
327 2073 359 2117 n.
378 2060 410 2117 S.
429 2057 670 2133 archiepiscopi
685 2059 818 2118 Bracar.
834 2057 869 2117 in
887 2054 1000 2116 nostra

204 2155 382 2230 praesentia
398 2154 595 2225 constitutis,
613 2154 700 2215 idem
722 2156 918 2230 procurator
931 2153 1001 2214 ter-

203 2251 330 2312 minum
345 2251 405 2312 tibi
419 2253 451 2312 et
470 2251 608 2329 prefato
628 2252 889 2329 archiepiscopo,
910 2254 1001 2328 ejus-

204 2365 267 2426 que
290 2349 445 2426 capitulo,
468 2350 505 2409 in
526 2366 627 2410 causa
643 2366 716 2426 quae
732 2365 830 2427 super
844 2349 1000 2427 primatia

203 2447 290 2508 iuter
303 2448 338 2509 te
349 2464 388 2509 ac
400 2447 690 2519 eosdemvertitur,
701 2445 783 2507 asel.
792 2447 959 2508 memoriae
973 2450 997 2508 1.

203 2547 295 2621 Papa
314 2545 560 2622 praedecessore
573 2546 687 2606 nostro
701 2544 921 2622 peremptorie
944 2560 1002 2606 as-

203 2643 381 2717 signatum,
398 2644 431 2703 et
445 2644 653 2719 postmodum
667 2641 882 2719 approbatum
898 2658 918 2703 a
939 2658 1001 2704 no-

202 2738 254 2799 bis
276 2741 462 2815 proximum
478 2740 597 2800 festum
621 2740 768 2801 omnium
791 2740 998 2814 Sanctorum,

203 2838 300 2914 petiit
314 2837 499 2913 prorogari,
508 2837 541 2898 et
555 2838 628 2897 dari
641 2837 705 2897 sibi
717 2837 759 2898 ad
772 2837 1000 2915 producendos

203 2936 304 2997 testes
326 2935 478 2996 inducias
504 2935 677 3012 largiores,
705 2951 764 3014 pro
791 2950 830 2997 eo
855 2936 942 3014 quod
967 2940 997 2998 J.

204 3086 240 3146 ad
255 3096 391 3145 vacantes
412 3088 548 3146 ecclesias
560 3089 736 3158 monasterii,
750 3103 837 3161 quum
849 3103 907 3146 non
921 3096 999 3146 teuc·

204 3184 301 3235 rentur
321 3176 358 3234 tie
379 3176 452 3251 iure,
472 3178 591 3235 clericos
605 3176 767 3250 improvide
785 3178 1000 3250 archiepiscopo

204 3274 424 3339 presentarunt,
446 3274 476 3323 et
494 3273 713 3339 conquerentes,
734 3265 920 3340 quodcoutra
942 3265 998 3324 ior·
1031 3302 1032 3305 =

204 3370 281 3412 marn
304 3356 519 3428 compositionis
555 3356 628 3412 inter
652 3354 720 3413 bon.
748 3370 834 3412 mern.
859 3357 893 3413 11.
917 3362 947 3413 et
966 3357 999 3412 ll.

204 3451 269 3501 tuos
298 3443 525 3517 predecessores
560 3443 745 3501 amicabiliter
776 3443 927 3502 intervenit
951 3459 998 3502 su·

205 3546 255 3605 per
275 3533 396 3589 ecclesia
418 3533 633 3591 Caenniratensi
660 3539 688 3590 te
703 3530 827 3589 indebite
851 3533 998 3604 inquietat.

205 3620 286 3679 Unde
306 3620 473 3693 praedictum
494 3621 648 3678 terminum
671 3634 756 3692 super
778 3618 817 3677 iis.
836 3620 929 3678 eidem
954 3635 998 3678 ar·

204 3708 389 3781 ohiopisoopo
404 3708 514 3781 praehgi
524 3707 638 3780 petebat
653 3725 660 3764 :
677 3707 728 3765 sed
740 3722 775 3765 eo
790 3708 937 3781 allegante
953 3711 1000 3783 jus

205 3795 359 3853 revocandi
370 3795 497 3865 denum,
513 3797 621 3852 uultum
635 3810 720 3869 super
734 3797 889 3868 premissis
901 3812 998 3855 recou-

204 3883 387 3942 tentionibus
396 3884 549 3941 terminum
559 3882 723 3941 cidarimus
733 3883 1001 3958 praeligendumNe

206 3973 294 4047 igitur
308 3988 394 4045 super
412 3972 448 4028 iis
472 3972 560 4044 possit
584 3973 772 4045 inposterum
793 3971 925 4044 dubitari,
947 3973 1001 4033 has

205 4063 314 4120 litteras
327 4060 378 4117 tibi
390 4059 522 4117 duximus
535 4060 563 4116 in
579 4061 773 4119 testimonium
789 4061 999 4133 concedendas,

205 4150 336 4207 nolentes
357 4149 470 4204 interim
485 4155 589 4207 statum
610 4150 649 4205 toi
671 4150 836 4208 monasterii
855 4152 998 4211 vacillare.

209 4241 312 4295 Datum
325 4238 458 4295 Laterani
473 4236 584 4294 decimo
604 4244 685 4295 sexto
697 4240 760 4296 liat.
777 4239 892 4311 Aprilis,
907 4242 1001 4298 Ponti-

209 4326 310 4384 [icatus
322 4326 410 4383 nostri
420 4340 496 4383 anno
509 4327 610 4398 primo.
627 4328 670 4385 Ea
681 4329 808 4398 append.
824 4330 939 4388 Cironii.

243 4513 284 4587 (o)
304 4514 479 4584 turpiorem.
500 4512 626 4571 inducie
641 4514 794 4587 ampliores
814 4530 850 4572 ex
869 4516 1002 4588 equitate

206 4586 317 4648 dantur,
336 4592 365 4642 ut
381 4586 408 4640 iu
423 4600 487 4656 cap.
502 4586 529 4650 2,
545 4587 603 4641 eod,
624 4590 722 4651 sutrin
737 4593 766 4643 et
781 4588 818 4643 ita
839 4602 874 4643 ex
886 4588 1002 4644 arbitrio

207 4655 342 4728 peridem,
358 4657 489 4726 quamvis
510 4656 577 4711 olirn
601 4656 689 4713 tribus
704 4656 814 4724 edictis,
831 4664 859 4713 et
871 4673 928 4715 uuo
950 4674 999 4730 pe·

207 4726 363 4799 reruptorio
384 4726 631 4782 concluderentur.
655 4726 734 4782 Alias
762 4727 864 4798 viginti
890 4727 1002 4785 dierum

209 4797 331 4860 inerunt,
350 4797 467 4852 Nooctto
487 4797 590 4853 lustin.
604 4796 650 4863 53,
665 4795 735 4851 alias
747 4796 793 4864 30,
808 4797 927 4853 Nooettu
941 4799 1000 4855 111.

245 4864 283 4937 (b)
302 4866 381 4922 Licet
391 4866 449 4937 jam
464 4874 549 4922 autea
568 4866 667 4921 dehac
677 4867 834 4935 quaestione
850 4874 1001 4926 tractatum

208 4937 333 4995 fueritin
348 4951 411 5008 cap.
426 4938 475 4993 tiu.
491 4938 523 4992 de
538 4938 568 4991 iu
583 4936 795 5016 intrperertit.
813 4935 1002 5009 adjiciendum

208 5017 237 5066 et
250 5009 304 5065 hoc
319 5008 432 5080 putavi3
456 5008 669 5063 contentionem
692 5013 764 5062 tuter
788 5008 955 5066 Toletannm
975 5018 1004 5067 et

207 5082 413 5138 Bracarcrsem
429 5078 661 5147 archiepiscopos
680 5074 715 5131 de
740 5078 873 5148 primam,
888 5081 917 5137 in
934 5096 1000 5153 gra·

207 5152 275 5208 tiam
289 5150 418 5206 Toletani
440 5147 566 5203 decisam
592 5146 680 5203 luisse
701 5155 814 5204 constat
831 5164 867 5206 er
881 5153 1003 5208 concilio

209 5222 345 5278 Toletano
362 5221 427 5285 1111,
452 5219 520 5275 Cau.
537 5217 564 5283 6,
590 5231 666 5298 anno
680 5218 744 5286 681,
769 5220 843 5290 quod
864 5229 908 5277 est
928 5224 1000 5280 anti·

209 5294 293 5363 quius
309 5296 541 5346 monumentum:
568 5308 579 5337 ι
598 5290 716 5344 Lreitum
733 5298 847 5347 ruaneat
866 5293 1003 5351 Toletano

210 5362 336 5437 pontilici
360 5362 388 5415 iu
411 5358 582 5429 quibuslibet
597 5360 749 5441 prouinciis
766 5364 911 5432 pretiosio
929 5380 1000 5437 pre·

210 5436 297 5501 soles,
318 5438 348 5488 et
371 5430 574 5485 decedentibus
592 5430 735 5502 episcopis
757 5432 865 5503 eligere
886 5450 1000 5492 succos·

211 5518 299 5559 sores.
317 5500 422 5568 »Quod
441 5498 488 5571 ius
511 5501 574 5555 siue
586 5501 671 5557 dubio
687 5502 722 5557 ed
740 5504 875 5573 primates
892 5513 1002 5563 tanturn

211 5571 378 5647 pertinebat.
394 5570 599 5644 toouquideru
619 5573 733 5631 Careias
752 5575 835 5631 altius
850 5576 1002 5648 primatum

829 258 1004 320 HONORII
1019 258 1064 318 111
1086 256 1233 319 OPERA.

1796 260 1856 325 aba

1055 417 1448 494 argentinuscanonicus
1460 417 1649 492 Toletanus‚
1664 433 1764 497 quem
1777 438 1856 499 pro-

1054 516 1242 577 curatorem
1274 516 1316 577 ad
1348 530 1463 577 eorum
1491 517 1703 594 praesentiam
1732 520 1855 597 quibus

1053 613 1231 674 commissa
1257 612 1320 675 init
1337 613 1482 691 receptio
1503 615 1638 676 testium
1665 614 1849 691 destinasti,

1048 710 1217 787 judicatus
1240 710 1304 772 luit
1328 711 1532 772 insufficiens
1556 712 1598 773 ab
1619 713 1758 774 eisdem.
1786 717 1851 777 Nos

1053 809 1707 887 ergoattendentesquodipsireceptores
1717 812 1852 875 testium

1052 906 1088 966 in
1112 906 1181 966 suis
1205 906 1326 967 litteris
1348 906 1555 970 testabantur
1578 923 1749 985 expresse,
1767 911 1852 987 quod

1053 998 1141 1063 idem
1155 1005 1351 1081 procurator
1362 1004 1457 1065 eisin
1472 1005 1592 1066 itinere
1601 1006 1762 1083 tanquam
1776 1023 1853 1084 pro-

1054 1101 1188 1161 curator
1211 1102 1401 1162 necessaria
1424 1102 1627 1164 ministrarit
1648 1105 1682 1165 et
1707 1104 1853 1180 prodeo-

1053 1197 1136 1260 tioni
1151 1199 1285 1259 testium
1308 1199 1486 1261 multorum
1509 1199 1670 1272 interfuit,
1696 1216 1738 1263 ac
1753 1201 1854 1263 etiam

1054 1294 1213 1371 praestare
1240 1295 1346 1357 voluit
1371 1296 1613 1374 fidejussoriam
1639 1299 1852 1372 cautionem,

1054 1407 1125 1453 rem
1139 1394 1246 1454 ratam
1261 1392 1413 1455 omnibus
1427 1395 1534 1455 modis
1546 1394 1739 1456 habitururn
1755 1418 1762 1455 :
1780 1397 1854 1474 ipse

1053 1505 1133 1551 uero
1153 1490 1423 1569 archiepiscopus
1447 1491 1481 1552 id
1495 1493 1678 1569 acceptare
1702 1509 1772 1554 non
1794 1509 1853 1556 cu-

1054 1603 1133 1649 rans
1159 1588 1326 1649 recusavit
1346 1587 1457 1665 plures
1480 1589 1582 1650 testes
1604 1589 1790 1667 producere
1811 1592 1852 1653 ab

1054 1685 1136 1762 ipsis
1151 1685 1376 1762 receptoribus
1391 1687 1586 1764 requisitum
1603 1686 1755 1764 eJusdern
1776 1704 1856 1765 pro-

1054 1783 1229 1849 curatoris,
1242 1783 1434 1860 petitionem
1456 1783 1496 1844 de
1519 1783 1541 1844 s.
1566 1799 1599 1844 n.
1626 1785 1769 1846 oonsilio
1789 1802 1855 1847 non

1055 1878 1210 1941 duximus
1225 1879 1472 1953 admittendam,
1488 1879 1549 1942 tibi
1564 1883 1747 1958 presentes
1762 1882 1854 1945 litte-

1054 1977 1159 2038 rasin
1183 1976 1283 2054 hujus
1303 1978 1354 2039 rei
1377 1977 1602 2040 testimonium
1622 1979 1854 2053 concedentes,

1054 2090 1096 2136 ne
1122 2075 1296 2136 occasione
1325 2075 1514 2153 hujusmodi
1539 2075 1642 2137 alicui
1674 2094 1792 2155 posses
1818 2079 1857 2139 in

1054 2173 1224 2251 posterum
1237 2173 1408 2250 dispendio
1424 2172 1608 2250 subjacere,

1315 2365 1530 2456 TITULUS
1558 2365 1596 2454 V

1194 2559 1237 2605 oa
1259 2559 1385 2607 cuorus
1407 2561 1622 2608 coonrrrorus
1644 2545 1705 2626 (1).

1079 2680 1222 2742 Lodoico
1250 2675 1308 2756 (c),
1338 2680 1465 2742 iitttatri
1491 2682 1567 2756 reqi
1591 2684 1823 2741 Frertcoram.

1362 2823 1498 2883 CAPUT
1519 2823 1543 2881 1.
1633 2854 1647 2869 ·

1094 2955 1198 3014 Tuam
1228 2969 1295 3015 uon
1316 2954 1480 3015 credimus
1499 2954 1604 3017 latere
1625 2953 1849 3031 prudentiam,

1055 3105 1166 3178 repetit,
1181 3119 1286 3176 nempe
1308 3112 1374 3162 aute
1391 3106 1618 3164 Constantinum.
1635 3107 1715 3169 Utnrt
1726 3105 1775 3173 sit,
1788 3120 1852 3162 cer·

1055 3183 1116 3234 turn
1129 3184 1173 3232 est
1188 3178 1391 3234 Bracarensem
1424 3178 1580 3234 rovineiam
1596 3190 1701 3232 nomen
1716 3183 1746 3232 et
1758 3176 1854 3250 digni-

1054 3254 1144 3315 tatem
1165 3248 1279 3304 auxisse
1303 3247 1377 3304 lacta
1398 3192 1540 3304 Xiuisioue
1567 3247 1795 3318 provinciarum,
1825 3248 1855 3302 in

1054 3317 1321 3390 Carthaginensem,
1335 3332 1398 3389 que
1413 3325 1456 3374 est
1468 3317 1614 3385 Toletano,
1628 3317 1775 3385 Baeticam,
1794 3318 1852 3374 Lu-

1055 3388 1197 3455 sitaniam,
1212 3389 1467 3456 Tarraconensem,
1489 3396 1518 3444 ct
1537 3388 1713 3455 Callaeciam,
1730 3403 1795 3458 quae
1810 3395 1855 3444 eet

1056 3460 1239 3516 Bracarensis
1260 3457 1312 3514 sub
1334 3459 1453 3529 imperio
1469 3459 1640 3526 Sacrorum,
1664 3464 1692 3513 ct
1712 3460 1853 3515 Constan-

1054 3529 1106 3585 tini
1122 3531 1171 3596 ld,
1188 3537 1218 3585 ut
1233 3543 1386 3601 perperam
1406 3528 1521 3601 quidam
1549 3535 1659 3611 putant,
1683 3542 1735 3584 seu
1758 3531 1855 3601 ponus

1056 3598 1229 3669 Gothorum3
1254 3615 1317 3671 que
1334 3597 1453 3671 quidem
1471 3598 1571 3656 hanun
1589 3599 1796 3670 metropolitas,
1826 3605 1856 3656 et

1056 3671 1193 3727 amissum
1210 3669 1361 3742 primatum
1389 3677 1487 3741 postea
1509 3685 1525 3726 a
1550 3668 1682 3727 Paschali
1698 3671 1735 3733 11,
1759 3670 1853 3727 Celin-

1056 3748 1084 3798 to
1100 3743 1136 3807 ll,
1150 3742 1283 3811 Eugenio
1297 3743 1347 3808 llt,
1364 3740 1511 3797 Hadriano
1520 3742 1569 3809 Ν,
1583 3748 1612 3797 et
1624 3738 1789 3797 Alexandro
1802 3743 1853 3808 111,

1056 3812 1245 3883 recuperauit,
1268 3819 1298 3867 ut
1313 3811 1452 3878 Mariana,
1466 3818 1496 3867 et
1508 3811 1554 3867 alii
1570 3810 1697 3867 historici
1712 3818 1852 3868 narrant:

1056 3888 1085 3937 et
1099 3883 1168 3938 licet
1182 3896 1219 3938 er
1232 3895 1267 3938 eo
1281 3888 1410 3953 tempore
1427 3882 1609 3939 bracarensis
1621 3882 1776 3953 primatum
1800 3881 1855 3937 sibi

1056 3952 1201 4008 vindicare
1213 3953 1333 4008 volucrit
1345 3951 1398 4009 sub
1411 3953 1529 4009 nomine
1540 3952 1719 4023 metropolis,
1737 3951 1853 4007 invenio

1057 4030 1152 4079 tamen
1178 4022 1298 4078 diversis
1330 4023 1505 4079 temonibus
1537 4024 1672 4079 Toletano
1697 4024 1851 4093 primatum

1056 4092 1144 4150 lauisse
1158 4091 1301 4173 delatum,
1318 4100 1348 4149 ut
1371 4038 1408 4149 ag
1421 4093 1535 4150 Urbano
1553 4095 1590 4161 ll,
1605 4092 1680 4164 apud
1695 4093 1848 4159 Plotinam,

1056 4178 1133 4221 anno
1156 4163 1235 4230 1088,
1258 4178 1339 4235 cujus
1360 4164 1527 4235 rescriptum
1551 4164 1637 4220 relert
1661 4164 1789 4229 Garsias,
1806 4170 1849 4218 to·

1057 4250 1104 4290 ruo
1119 4236 1156 4301 11,
1173 4234 1374 4300 Consiliorum,
1388 4241 1417 4289 et
1437 4235 1503 4305 quia
1526 4232 1571 4290 his
1595 4249 1653 4290 non
1675 4233 1853 4290 obstantibus

1056 4306 1090 4361 lis
1105 4304 1237 4376 pervenit
1267 4302 1303 4360 ad
1324 4305 1481 4361 innocentii
1504 4307 1544 4360 111
1578 4312 1702 4386 tempus,
1725 4305 1810 4376 epist.
1825 4304 1852 4371 5,

1056 4375 1104 4431 lib.
1126 4374 1203 4441 Xlll,
1221 4374 1250 4429 in
1272 4388 1327 4445 qua
1341 4374 1501 4500 &amntem
1528 4374 1730 4447 Hispaniarum
1745 4373 1850 4430 conlir·

1056 4452 1124 4512 mat,
1142 4453 1226 4515 atque
1238 4444 1325 4500 etiarn
1367 4445 1458 4500 onorii
1473 4445 1572 4512 nostri,
1586 4452 1617 4501 ut
1635 4452 1713 4516 patet
1738 4460 1775 4500 ex
1799 4444 1854 4500 hoc

1056 4530 1131 4585 cap,
1148 4522 1177 4572 et
1190 4515 1336 4587 dictocap.
1362 4515 1410 4571 lin.
1426 4515 1459 4570 de
1474 4516 1503 4571 in
1519 4516 1604 4586 irrep.
1624 4516 1726 4579 restit„
1751 4515 1854 4571 iterum

1057 4585 1152 4642 decisa
1168 4584 1219 4641 init
1232 4586 1260 4641 iu
1276 4585 1398 4656 gratiani
1409 4583 1485 4642 sedis
1498 4587 1667 4644 Toletauea
1681 4585 1805 4644 Martius
1819 4587 1854 4652 V,

1057 4662 1088 4713 ut
1102 4662 1219 4712 testatur
1239 4656 1376 4721 Mariana,
1400 4656 1448 4712 lib.
1466 4659 1504 4715 Vl
1520 4664 1548 4712 et
1563 4658 1626 4723 XX,
1640 4657 1689 4727 qui
1712 4658 1855 4713 ioannem

1056 4727 1347 4792 Contrarium,archie
1369 4726 1684 4798 imapumToletanum,
1698 4727 1856 4783 attiuseve

1056 4798 1134 4853 uisse
1154 4796 1282 4868 primatis
1300 4742 1411 4853 trintum
1432 4797 1528 4864 relert,
1545 4796 1739 4868 nou·quidem
1754 4804 1786 4853 ut
1799 4796 1854 4869 pri·

1057 4882 1121 4924 mus
1136 4867 1191 4923 hoc
1204 4881 1308 4923 nomeu
1324 4868 1377 4923 sibi
1393 4869 1543 4938 arrogarit,
1560 4867 1635 4938 quod
1658 4874 1755 4924 umen
1769 4867 1857 4924 sentit

1057 4938 1154 5010 episoo
1175 4953 1208 4993 us
1222 4938 1401 5009 apamiensis
1415 4937 1450 4994 ad
1463 4953 1572 4994 atinum
1588 4938 1669 5007 1113,
1685 4952 1736 4995 uu.
1753 4938 1782 4996 1.

1094 5006 1135 5089 (i)
1147 4953 1183 5067 Se
1198 5008 1262 5065 titre
1275 5015 1320 5065 est
1334 5010 1360 5066 le
1375 5010 1421 5067 llil
1435 5007 1473 5065 du
1484 5010 1544 5065 Liv.
1557 5011 1583 5065 11
1596 5008 1647 5064 des
1664 5008 1773 5065 De'cre't.
1789 5009 1856 5066 Cre'·

1057 5094 1211 5148 pertenues.
1232 5080 1271 5137 he
1293 5080 1324 5136 5⁹
1345 5079 1380 5135 de
1404 5079 1431 5137 la
1456 5079 1623 5149 Compitalia
1635 5080 1733 5150 pmmo
1752 5088 1796 5137 est
1817 5081 1857 5136 ie

1058 5147 1151 5205 ritule:
1173 5151 1213 5206 Dc
1224 5151 1322 5206 ordine
1331 5150 1516 5221 judiciorum.

1094 5219 1135 5292 (a)
1155 5221 1283 5277 Lodoico.
1300 5222 1417 5287 Octavo,
1443 5219 1503 5276 irtio
1514 5219 1637 5293 Philippi
1658 5221 1793 5293 Augusti.
1816 5223 1858 5279 De

1058 5289 1175 5347 historia
1192 5290 1276 5363 liujus
1288 5292 1390 5363 capitis
1405 5290 1475 5348 varii
1491 5293 1568 5347 varia
1585 5308 1592 5347 :
1610 5307 1662 5348 nos
1676 5293 1775 5364 paucis
1791 5308 1858 5349 earu

1058 5362 1292 5434 perstringemus.
1313 5362 1431 5419 isabella
1444 5361 1500 5418 filia
1512 5363 1646 5419 Amalrici
1662 5363 1741 5435 regis
1758 5363 1857 5419 Hiero·

1057 5432 1218 5504 solymitani
1231 5434 1325 5505 nupsit
1340 5433 1431 5504 primo
1445 5431 1659 5499 llermeulredo,
1678 5434 1722 5488 rel
1739 5433 1859 5489 llenlre-

1057 5501 1093 5559 do
1116 5502 1285 5571 (seorrudum
1305 5503 1486 5561 Gnillehnum
1506 5502 1635 5576 Tyrium)
1655 5505 1768 5560 Torone
1785 5520 1794 5558 :
1809 5519 1858 5560 se-

1058 5574 1151 5631 rundo
1175 5573 1304 5633 Conrado
1326 5573 1484 5631 marchioni
1506 5574 1718 5634 blentisleuati.
1735 5576 1859 5647 Rapum
