3960 6188
225 290 287 351 875
687 291 865 355 HONORII
886 293 932 355 111
952 293 1101 357 OPERA.
1117 318 1156 339 ⁶-
1171 295 1405 363 saltuosas,
1809 297 1869 365 tm

225 448 314 511 Deus
329 461 430 525 opera
442 462 514 511 sua.
528 449 569 512 at
582 464 643 511 sex
656 448 728 513 dies
747 452 825 514 sunt
838 451 1021 514 monadum
1073 453 1148 528 soli,
1164 455 1241 533 qula
1254 456 1404 519 Christus
1418 456 1492 519 erat
1504 457 1622 520 tortian
1633 458 1692 536 qul
1706 460 1869 522 crateuas

225 547 358 622 Legem,
370 546 406 606 in
417 545 626 624 quibuslicet
637 549 780 626 operari.
798 551 1019 626 septemrero
1074 551 1135 624 ets,
1157 552 1244 614 sicut
1261 552 1385 615 dicitnr
1403 554 1440 615 in
1458 555 1658 631 mausolio:
1679 557 1749 617 Isti
1766 558 1870 619 disct-

224 643 266 705 ad
285 643 434 720 requiem
454 644 637 720 pertinent,
657 646 736 723 quia
755 646 826 708 dies
847 647 1017 724 septimus,
1070 652 1145 723 pati
1159 650 1281 713 euntes
1300 654 1346 713 ad
1360 651 1537 715 castarum
1550 655 1734 723 limnaeus,
1755 659 1870 727 mpere-

225 743 262 803 ut
274 740 323 801 ait
343 742 487 818 Moyses,
510 741 582 804 dies
596 743 814 805 recreationis
836 745 898 806 est.
926 743 1019 806 Unde
1073 747 1201 808 ocatur
1212 751 1258 808 ad
1275 751 1422 810 matrem
1440 752 1483 811 de
1506 753 1561 811 lits
1576 765 1655 824 quea
1671 751 1869 812 aoetdem

223 837 260 899 ln
282 838 402 900 Genesi
417 856 425 894 :
441 839 487 899 lit
500 840 670 914 requievit
690 842 784 903 Dem
797 844 852 903 dte
875 842 1020 915 septimo
1073 843 1331 918 etfactaeraat
1350 844 1794 925 aeresa(1.uo.mv,1s).

224 937 267 997 ab
279 939 374 997 omni
387 950 491 1009 opere
511 940 600 1011 quod
614 938 779 1012 patrarat
795 937 893 1016 (Gen.
912 954 949 1010 11,
971 937 1016 1015 2).
1113 941 1154 1003 st
1165 956 1227 1003 nos
1240 942 1405 1015 similiter,
1419 945 1581 1020 corpuset
1591 944 1746 1021 spiritus,
1756 959 1870 1005 eamus

225 1034 369 1095 Octavus
388 1032 440 1095 vel
455 1036 541 1106 octo,
556 1033 597 1095 ad
620 1035 897 1097 resurrectionem
912 1035 1019 1113 perti·
1074 1036 1116 1098 ad
1137 1038 1312 1100 castellnm
1335 1041 1502 1113 Emmaus,
1522 1040 1623 1114 idest,
1642 1040 1686 1102 ad
1699 1040 1870 1103 ceresam

223 1129 317 1204 tinet,
338 1130 416 1207 quia
435 1132 554 1193 octava
573 1130 627 1193 die
644 1133 830 1195 resurrexit
847 1133 1019 1210 primope-
1073 1134 1227 1213 patriam,
1240 1152 1308 1197 non
1321 1136 1492 1212 gressibus
1504 1138 1636 1214 pedum,
1651 1137 1712 1200 sed
1724 1136 1871 1199 moribus

223 1228 314 1289 nitus
328 1228 543 1290 mortuorum.
1072 1231 1458 1311 bonorumoperum.1n
1481 1233 1535 1295 his
1562 1236 1676 1297 autem
1697 1234 1871 1311 discipul'n

264 1324 323 1386 lsti
337 1340 417 1403 ergo
430 1325 585 1404 discipuli
606 1341 666 1391 sex
686 1326 846 1390 milliaria
859 1343 935 1389 cum
949 1329 1019 1389 Do-
1074 1328 1202 1392 invenit
1216 1329 1367 1393 Christus
1381 1331 1447 1393 tria
1464 1330 1553 1393 mala
1566 1348 1574 1393 :
1589 1331 1767 1395 tristitiam
1782 1330 1873 1393 side·

222 1421 314 1484 mino
329 1425 557 1496 cucmrerant,
572 1424 651 1501 quia
660 1426 733 1501 ejus
745 1424 1018 1502 operaviderant,
1074 1426 1162 1500 licet,
1178 1426 1354 1490 stultitiam
1367 1430 1401 1489 et
1414 1427 1655 1490 infidelitatem.
1672 1428 1868 1499 russiam

222 1520 346 1582 etcum
358 1521 453 1582 sexto
469 1521 524 1582 die
541 1537 677 1598 passum
691 1521 725 1584 ot
737 1523 903 1584 mortuum
916 1521 1020 1583 tuisse
1073 1523 1159 1587 sicut
1179 1525 1338 1589 Donslnus
1352 1524 1434 1588 dicit
1451 1525 1521 1587 eis:
1546 1529 1612 1593 tisri
1626 1526 1712 1588 amr
1735 1528 1774 1587 bi
1797 1539 1871 1586 ser·

222 1615 426 1693 credebant:
446 1618 586 1695 septimo
607 1634 689 1681 vero
703 1635 777 1681 cum
797 1619 912 1681 eodem
937 1635 1019 1696 per·
1072 1635 1192 1685 mones
1216 1636 1301 1697 quos
1320 1624 1487 1698 consertis
1509 1626 1555 1686 ad
1579 1626 1732 1684 invicem
1753 1624 1872 1684 arame-

221 1716 391 1786 rexerant,
414 1715 493 1791 qnia
516 1731 591 1776 eum
612 1716 648 1776 in
669 1716 818 1793 requiem
839 1717 1019 1795 sepulturae
1072 1718 1183 1779 laertes
1196 1718 1231 1779 et
1251 1718 1334 1779 estis
1348 1719 1468 1781 tristes
1485 1717 1582 1797 (ibid.
1599 1717 1672 1796 13)t
1687 1717 1870 1780 Strdtitiam

224 1809 361 1872 sabbato
400 1810 587 1887 depositum
625 1811 824 1875 didicebant
860 1815 1019 1876 Octavum
1073 1815 1106 1875 et
1115 1813 1344 1876 infidelitatem
1355 1815 1441 1877 sicut
1452 1815 1611 1877 Dominus
1620 1816 1870 1891 increpanseos

225 1922 305 1968 vero
320 1907 513 1969 milliarium
527 1923 594 1969 non
609 1908 836 1985 perfecerant:
853 1909 911 1971 sed
923 1911 1019 1987 quasi
1072 1909 1177 1972 dixit:
1194 1912 1325 1974 Ostsatt
1336 1913 1370 1972 et
1384 1913 1478 1974 tardi
1488 1915 1590 1975 corae
1599 1914 1645 1973 ad
1658 1914 1871 1973 credamne

222 2004 395 2066 dimidium
410 2005 599 2081 attigerant,
617 2007 696 2083 quia
710 2023 786 2068 eum
806 2009 1018 2069 resurrectu-
1073 2009 1110 2068 m
1121 2010 1279 2070 omnibus
1291 2024 1369 2082 qua
1378 2010 1482 2071 mcutt
1489 2010 1572 2071 sunt
1578 2009 1763 2084 propbeta
1772 2005 1867 2085 (ibid

223 2119 297 2164 rum
317 2102 522 2165 dubitabant.
539 2104 632 2166 Unde
646 2104 742 2181 quasi
755 2104 945 2167 diffidentes
964 2105 1018 2166 di·
1071 2103 1145 2183 25))
1165 2105 1287 2167 Contra
1302 2105 1374 2167 baec
1392 2106 1458 2169 tria
1479 2106 1568 2167 mala
1585 2106 1745 2184 opposuit
1758 2105 1871 2166 Domi-

221 2199 360 2263 cebant:
376 2204 448 2263 Nos
457 2202 576 2263 autem
588 2205 813 2276 sperabamus
827 2205 915 2276 qaod
928 2204 1019 2265 esset
1073 2218 1135 2262 nus
1163 2202 1228 2264 tria
1255 2202 1362 2265 bona:
1382 2205 1499 2265 contra
1518 2203 1691 2265 tristin'am
1717 2202 1870 2279 opposuit
1967 2244 1968 2275 1

222 2299 470 2374 redempturus
483 2302 595 2361 Israel
616 2297 710 2377 (Luc.
735 2315 829 2371 xxm,
854 2299 920 2379 21).
954 2299 1018 2361 Sed
1073 2300 1343 2374 consolationem,
1369 2316 1469 2377 quarn
1487 2299 1678 2363 babuerunt
1699 2299 1866 2376 discipuli,
1967 2292 1968 2311 ¹

221 2411 323 2474 quum
345 2395 506 2473 usquead
527 2397 701 2461 castellum
722 2397 931 2474 perveniunt,
947 2412 1019 2458 me-
1073 2395 1205 2472 quando
1219 2398 1446 2472 cognovemnt
1465 2412 1541 2457 eum
1564 2396 1599 2457 in
1621 2395 1790 2458 fractione
1811 2410 1870 2472 pa-

221 2491 377 2557 dietatem
412 2493 522 2555 octavi
555 2493 717 2567 milliarii,
740 2494 828 2571 quod
858 2493 1016 2566 restabat,
1072 2493 1144 2569 nis:
1161 2495 1277 2556 contra
1297 2494 1473 2556 stultitiam
1496 2494 1650 2572 opposuit
1670 2493 1866 2563 doctrinam,
1967 2482 1968 2523 t

223 2591 388 2669 complent
397 2588 407 2666 ';
436 2591 515 2669 quia
541 2591 577 2652 in
600 2590 763 2653 fractione
785 2591 882 2668 panis
904 2606 1019 2653 resur-
1071 2590 1151 2667 quia
1165 2591 1285 2653 stultus
1300 2590 1540 2654 docendusest.
1554 2592 1595 2652 Et
1608 2590 1868 2667 bocl'ecitqunm
1967 2604 1968 2627 l

220 2687 351 2747 rexisse
363 2688 538 2749 Dominum
557 2689 796 2763 cognoverunt
808 2691 848 2751 Et
861 2689 932 2751 baec
944 2690 1020 2766 post
1071 2686 1269 2764 incipiensa
1284 2690 1399 2766 Moyse
1412 2689 1446 2750 et
1460 2687 1613 2750 omnibus
1624 2687 1801 2764 prophetis
1811 2687 1866 2749 in-

220 2783 396 2858 sexagiuta
412 2784 530 2856 stadia,
544 2785 621 2862 quia
635 2785 670 2845 in
685 2787 779 2847 sexta
792 2786 906 2847 mnndi
921 2785 1018 2848 aetate
1071 2784 1316 2862 terpretabatur
1337 2786 1406 2846 illis
1429 2785 1466 2847 in
1496 2784 1648 2847 omnibus
1677 2784 1865 2861 scripturis,

220 2879 258 2941 in
281 2895 383 2941 carne
410 2881 565 2958 apparuit
588 2881 671 2958 ipse,
696 2884 729 2943 et
749 2885 825 2959 post
843 2883 1017 2959 septimam
1072 2898 1146 2960 quas
1160 2881 1201 2943 de
1217 2882 1289 2960 ipso
1302 2884 1409 2945 erant.
1428 2883 1549 2945 Contra
1563 2881 1798 2943 infidelitatem
1810 2897 1868 2957 op-

220 2978 353 3039 aetatem
369 2977 653 3056 apparebitJustis
668 2979 702 3042 et
717 2978 959 3057 peccatoribus,
982 2980 1019 3040 ut
1071 2979 1182 3057 posuit
1207 2980 1479 3056 increpationem,
1504 2979 1620 3040 dicens
1642 2979 1815 3041 :astum
1835 2977 1866 3040 et

221 3075 337 3138 reddat
351 3075 532 3153 unicuique
546 3076 728 3138 secundum
743 3092 843 3157 opera
856 3093 928 3139 sua.
1072 3077 1165 3138 terat
1196 3079 1300 3139 corde
1327 3080 1372 3139 aet
1398 3080 1639 3139 credendam!
1666 3079 1796 3139 Nonae
1820 3077 1867 3136 sic

261 3173 445 3235 collocutio
461 3173 712 3250 discipulorum,
735 3174 822 3236 sicut
836 3175 1016 3252 proposui·
1071 3174 1223 3249 oportuit
1236 3175 1312 3250 pati
1336 3174 1512 3237 Christum
1534 3174 1568 3236 et
1593 3174 1646 3236 tte
1667 3175 1808 3235 intrare
1833 3175 1867 3233 ia

219 3285 309 3342 mus,
340 3273 464 3334 nostra
493 3271 597 3336 servit
626 3271 849 3335 instructioni.
890 3274 928 3334 In
953 3272 1017 3335 boc
1070 3274 1218 3348 plemam
1230 3287 1333 3334 secam
1347 3270 1442 3350 (Luc.
1455 3286 1550 3344 xm,
1564 3271 1648 3350 mm

219 3368 309 3430 enim
337 3368 490 3447 exemplo
525 3368 649 3431 scimus
679 3369 766 3448 quod
792 3370 952 3433 Dominus
980 3386 1017 3432 so
1110 3370 1235 3431 Euntss
1248 3369 1361 3446 itaque
1376 3367 1531 3445 discipuli
1546 3367 1684 3440 Christi,
1697 3367 1796 3440 idest,
1811 3366 1864 3443 qai
1966 3422 1967 3463 ᾗ

220 3466 408 3528 amantibus
420 3464 516 3528 nobis
533 3469 567 3529 et
577 3467 633 3544 pie
648 3466 689 3529 de
704 3467 776 3545 ipso
794 3468 1016 3546 colloquenti·
1070 3464 1255 3528 doctrinam
1283 3465 1407 3527 Christi
1430 3466 1632 3544 sequuntur,
1657 3480 1727 3526 non
1751 3463 1867 3526 debent

218 3562 281 3625 bus
316 3564 461 3627 ostendit
503 3565 669 3642 seipsum,
707 3565 794 3626 sicut
832 3564 912 3628 lecit
942 3566 1016 3627 istis
1070 3566 1142 3641 ejus
1166 3563 1253 3625 facta
1269 3563 1402 3625 silentio
1414 3564 1539 3640 tegere,
1560 3561 1618 3624 sed
1634 3561 1866 3639 semperloqui

219 3659 358 3721 duobus.
370 3661 533 3739 Discipuli
546 3661 669 3723 Christi
681 3661 717 3722 in
731 3664 832 3725 Sacra
844 3662 1015 3739 Scriptura
1070 3661 1111 3722 de
1123 3661 1177 3722 his
1188 3677 1262 3738 quae
1277 3660 1364 3722 taeta
1379 3659 1504 3722 suatde
1515 3662 1609 3732 lesu,
1625 3659 1780 3720 dicentes
1794 3673 1867 3719 cum

219 3756 332 3818 multis
358 3757 465 3819 modis
488 3757 731 3834 intelliguntur.
760 3759 823 3821 Sed
857 3760 943 3821 nibil
973 3761 1015 3822 ad
1071 3757 1258 3836 Pmpheta:
1285 3761 1431 3833 Semper
1448 3762 1525 3820 taus
1538 3760 1615 3830 aas
1637 3760 1676 3818 in
1701 3769 1764 3816 ore
1790 3768 1867 3817 meo

219 3868 379 3931 praesens.
396 3855 466 3915 Duc
480 3852 636 3929 discipuli
648 3854 771 3916 Christi
787 3857 865 3917 sunt
879 3857 1016 3933 spiritus
1071 3854 1141 3935 (Ps.
1152 3857 1203 3927 33,
1218 3853 1265 3936 2),
1280 3856 1316 3917 ut
1329 3857 1434 3916 Deum
1446 3870 1482 3915 se
1497 3853 1623 3915 babere
1636 3853 1672 3913 in
1690 3852 1791 3913 corde
1802 3851 1866 3912 de-

218 3951 396 4027 etcorpus.
417 3950 476 4012 Isti
494 3949 572 4012 sunt
592 3950 664 4012 veri
686 3950 854 4028 discipuli,
875 3952 933 4030 qui
956 3969 1015 4014 se-
1070 3953 1265 4023 mcnstrent,
1292 3952 1327 4013 in
1353 3967 1464 4029 opere,
1489 3951 1573 4014 etin
1595 3966 1674 4011 ore:
1695 3950 1731 4011 in
1754 3947 1866 4015 cordo,

220 4049 369 4127 quuntur
390 4048 600 4124 Magistrum.
630 4048 690 4110 Istl
717 4048 874 4127 discipuli
896 4049 1017 4114 debent
1069 4049 1361 4127 perdilectionem
1383 4049 1443 4110 Dei
1466 4048 1501 4110 et
1516 4048 1681 4124 proximi:
1702 4047 1739 4107 in
1753 4060 1864 4122 opere,

220 4145 391 4207 ambulare
406 4144 448 4206 ad
471 4145 644 4207 castellum
663 4147 831 4219 Emmaus,
852 4147 949 4221 idest,
972 4149 1015 4210 ad
1069 4145 1397 4224 perambulationem
1410 4145 1447 4207 in
1459 4144 1654 4218 castollum:
1669 4143 1706 4204 in
1718 4157 1788 4213 ore,
1805 4156 1865 4219 per

219 4243 387 4307 coelestem
416 4243 570 4320 patriam.
597 4245 644 4305 De
674 4243 749 4305 istis
777 4243 858 4307 dicit
886 4246 1014 4308 David:
1070 4259 1186 4306 eorum
1206 4244 1433 4306 narrationem
1458 4258 1532 4320 quae
1556 4241 1597 4303 de
1621 4240 1756 4303 cbristo
1779 4239 1865 4300 lacta

218 4343 321 4404 Beati
333 4341 548 4405 imammtati
559 4343 597 4403 m
609 4343 667 4403 ota
680 4339 752 4421 (Ps.
768 4343 838 4415 100,
854 4342 901 4422 6),
916 4343 1014 4417 idest,
1070 4340 1157 4403 sunt.
1169 4341 1209 4404 nt
1222 4341 1335 4404 taliter
1348 4356 1385 4403 se
1396 4338 1596 4402 habentibus
1608 4338 1750 4416 apparet
1759 4337 1865 4399 Chris·

219 4439 255 4501 in
269 4438 393 4502 mundo
404 4439 481 4512 isto,
494 4438 560 4511 sel,
580 4438 616 4501 in
630 4438 686 4500 via
702 4455 768 4517 qua
791 4440 957 4505 tendimns
968 4439 1015 4518 {ad
1069 4440 1123 4502 tus
1142 4440 1296 4516 etjungit
1309 4437 1438 4510 saillis,
1454 4439 1488 4499 et
1500 4436 1593 4499 vadit
1610 4452 1686 4496 cnm
1701 4435 1767 4507 eis,
1783 4433 1866 4495 sicut

218 4537 378 4599 aeternam
405 4536 560 4613 patriam.
585 4535 680 4599 Unde
711 4537 908 4629 Apostolus:
937 4541 1017 4600 Noa
1070 4534 1229 4614 scriptum
1242 4536 1309 4598 est:
1324 4535 1371 4598 nt
1382 4536 1576 4598 inhabitabo
1590 4536 1628 4595 m
1639 4533 1867 4595 idi-retorem·

217 4637 445 4697 mammete
455 4634 656 4696 manentem
670 4635 860 4708 civitatem,
880 4639 941 4698 sed
958 4638 1018 4710 {tr-
1070 4630 1467 4713 masculitanum).

220 4732 340 4791 taram
352 4731 562 4803 tepuerimus
574 4729 690 4809 (Hebr.
703 4747 777 4804 xus,
791 4730 855 4810 10).
1112 4730 1289 4793 Sciendum
1312 4731 1365 4792 est
1385 4729 1472 4809 quod
1488 4728 1596 4793 tribus
1614 4726 1725 4790 modis
1750 4738 1865 4804 peara-

262 4826 405 4902 Spiritus
413 4825 510 4888 debet
518 4825 688 4888 ambulare
696 4828 876 4902 voluntate,
884 4832 1018 4894 sedcor·
1069 4846 1157 4902 mus,
1182 4828 1395 4905 cogitatione,
1424 4827 1603 4898 locutione,
1630 4827 1665 4888 et
1693 4839 1806 4902 opere.
1829 4823 1862 4883 lu

221 4938 285 5002 pus
304 4922 507 4999 operatione.
523 4922 615 4985 Sicut
625 4924 705 4986 dicit
716 4927 909 5003 Apostolus:
926 4933 1018 4993 Dum
1071 4926 1170 4988 corde
1184 4928 1262 4987 sunt
1272 4925 1423 4988 carnalia
1444 4927 1478 4987 et
1493 4923 1672 4986 secularia
1688 4920 1861 4988 desideria,

222 5021 357 5094 tempas
371 5021 545 5092 babemus,
559 5034 745 5094 operemur
758 5026 883 5089 bonam
892 5030 937 5089 aa
947 5042 1018 5089 om·
1071 5023 1167 5097 idest,
1181 5039 1276 5085 amor
1285 5024 1396 5086 carnis
1410 5025 1445 5086 et
1458 5037 1553 5085 amor
1566 5020 1701 5095 saculi:
1715 5019 1864 5083 similiter

221 5134 294 5191 aes,
321 5120 479 5180 maartme
500 5119 618 5180 autem
637 5122 683 5183 aa
707 5124 909 5187 domesticos
936 5127 1017 5197 itaet
1070 5122 1107 5184 in
1126 5137 1184 5184 ore
1200 5123 1251 5183 est
1269 5122 1402 5199 gemina
1423 5120 1580 5192 vetustas,
1605 5119 1812 5195 arrogantia,
1833 5114 1864 5176 et

221 5214 308 5296 (Gal.
324 5231 370 5288 m,
388 5212 452 5294 10).
471 5214 634 5292 Discipuli
658 5218 782 5282 Christi
806 5236 873 5284 non
896 5223 1018 5286 debent
1071 5220 1284 5297 derogantis:
1301 5218 1380 5282 item
1393 5218 1527 5296 gemina
1537 5217 1633 5281 estin
1647 5232 1764 5294 opere,
1772 5211 1864 5290 dage

222 5314 285 5376 soli
300 5311 491 5386 ambulare,
508 5312 587 5390 quia
601 5314 760 5393 scriptum
776 5321 843 5381 est:
870 5323 926 5383 Vae
941 5326 1015 5395 soli,
1071 5319 1118 5383 tio
1132 5318 1166 5380 et
1179 5316 1338 5379 facinore.
1356 5319 1436 5380 ilaec
1454 5316 1565 5379 omnia
1585 5315 1665 5377 sunt
1682 5314 1796 5390 imago
1808 5325 1864 5372 se-

221 5416 303 5486 qm’a
324 5427 404 5474 cum
426 5413 599 5485 ceciderit,
621 5427 691 5475 aon
713 5417 812 5479 babet
836 5421 1019 5481 emblema·
1070 5417 1151 5479 teris
1161 5414 1317 5488 bominis,
1331 5414 1365 5477 et
1376 5415 1448 5477 baec
1461 5413 1573 5477 omnia
1585 5410 1780 5475 renovanda
1791 5405 1863 5470 sunt

224 5508 304 5569 tem.
328 5509 425 5570 Solus
448 5510 499 5570 est
514 5508 571 5572 ille
585 5526 660 5573 cum
675 5527 740 5589 quo
754 5528 821 5577 non
836 5516 886 5577 est
902 5514 1018 5579 Chris-
1072 5513 1106 5576 in
1119 5514 1226 5577 nobis.
1240 5515 1275 5577 Si
1286 5530 1353 5577 non
1363 5515 1452 5578 esset
1463 5512 1610 5575 vetustas
1621 5511 1659 5574 iu
1672 5509 1787 5580 corde,
1801 5521 1863 5568 non

224 5603 289 5663 tus.
321 5605 380 5665 lstl
410 5605 476 5667 duo
496 5604 652 5684 discipuli
678 5607 800 5673 Christi
829 5617 1018 5677 nouerant
1072 5611 1197 5674 diceret
1234 5612 1440 5690 Apostolus:
1473 5606 1703 5675 Rerwvommi
1740 5604 1862 5681 Mt
