3936 6192
132 316 190 379 425
647 316 756 379 ORDO
777 318 832 379 ab
854 312 1149 380 CORONANDUM
1170 312 1257 379 IMP.
1719 319 1777 381 426

133 491 191 539 nec
221 474 374 538 dominus
402 458 494 553 Eapa
520 491 594 538 cum
622 492 684 540 sua
711 478 924 556 processione
977 478 1054 541 ther
1071 476 1233 555 reginam,
1258 477 1360 541 Israel
1378 490 1479 539 causa
1494 475 1621 550 salutis,
1639 474 1680 540 de
1696 490 1776 556 cap-

132 573 235 637 exeat.
976 576 1116 640 tiritatis
1141 592 1211 638 suae
1237 576 1395 653 compede
1424 576 1584 650 solutam,
1616 575 1658 637 ad
1686 577 1776 653 regis

169 670 347 748 completis
363 671 627 748 igituromnibus
640 674 850 750 supradictis,
865 676 924 736 mi·
977 672 1102 735 assumi
1118 671 1301 734 thalamum
1320 672 1480 750 regnique
1499 672 1553 733 sui
1573 673 1775 735 consortium

131 768 225 831 nistri
242 768 389 843 induunt
402 770 572 833 dominnm
591 774 715 849 Papam
736 771 870 849 planeta
890 773 924 836 et
976 769 1120 833 transire
1135 768 1254 843 fecisti,
1271 770 1318 832 ita
1332 770 1420 833 banc
1438 769 1596 832 famulam
1610 771 1702 833 tuam
1720 771 1773 832 ·N·

130 865 246 945 palleo,
269 866 302 928 et
324 867 479 945 imposita
491 868 589 931 mitra
608 868 775 946 procedat,
794 869 924 932 ordini·
976 866 1174 930 humilitatis
1188 868 1312 930 nostrae
1326 867 1568 941 benedictione,
1583 867 1774 930 christianae

130 962 188 1025 bus
198 963 238 1025 de
254 980 349 1027 more
363 965 642 1043 praecedentibns3
657 968 730 1043 post
743 983 841 1045 quem
857 982 921 1029 ra·
976 965 1081 1045 plebis
1098 964 1206 1041 gratia
1225 964 1355 1038 salutis,
1373 965 1413 1026 ad
1429 966 1563 1042 dignam
1583 966 1776 1027 sublimem-

130 1060 184 1123 dat
196 1060 329 1124 Electus
341 1074 416 1126 cum
426 1064 627 1141 supradictis
638 1064 830 1127 ductoribus
838 1065 920 1138 suis,
976 1079 1041 1141 que
1054 1063 1143 1140 regis
1157 1063 1263 1126 nostri
1276 1062 1439 1141 copulam,
1453 1065 1615 1141 regnique
1629 1064 1682 1125 sui
1697 1078 1776 1141 par-

130 1174 222 1238 quem
244 1161 407 1238 sequatur
425 1177 511 1223 uxor
528 1164 602 1240 ejus
622 1177 726 1239 usque
749 1161 789 1224 ad
810 1178 922 1226 arcam
975 1160 1126 1237 ticipium
1147 1160 1407 1223 misericorditer
1425 1160 1571 1222 transire
1594 1161 1773 1234 concedas,

129 1255 213 1319 beati
229 1256 334 1320 Petri.
349 1260 441 1320 Tunc
452 1260 663 1336 primicerius
677 1261 791 1323 cantat
803 1261 924 1323 introi·
976 1258 1010 1322 et
1022 1257 1060 1321 ut
1073 1257 1177 1334 regali
1194 1257 1319 1319 tradere
1334 1257 1481 1337 conjugii
1498 1273 1629 1335 semper
1642 1259 1776 1320 mancat

129 1354 194 1417 tum
208 1370 286 1417 cum
303 1355 433 1429 schola,
453 1356 487 1419 et
504 1363 602 1433 agric
621 1361 763 1432 emanat,
783 1358 817 1422 et
834 1359 921 1422 silot,
976 1355 1108 1434 pudica,
1124 1355 1309 1432 proximam
1328 1355 1513 1432 virginitati
1532 1356 1676 1433 palmam
1693 1371 1775 1419 con·

129 1451 287 1515 Dominus
310 1455 402 1531 Papa
423 1454 573 1518 ascendit
591 1455 633 1517 ad
658 1456 775 1531 altare,
795 1457 924 1534 etpost
975 1453 1083 1516 tinere
1106 1453 1215 1531 queat,
1234 1452 1294 1515 tibi
1319 1455 1387 1515 Deo
1407 1454 1441 1515 et
1461 1468 1541 1515 vero
1562 1454 1597 1514 in
1622 1452 1775 1515 omnibus

129 1548 369 1613 contessionem
391 1551 448 1614 dat
460 1568 576 1630 pacem
600 1553 796 1617 diaconibus
814 1555 848 1617 et
865 1554 922 1616 in·
976 1552 1011 1614 et
1032 1562 1133 1628 super
1155 1549 1267 1612 omnia
1288 1550 1415 1629 jngiter
1435 1550 1569 1628 placere
1593 1551 1772 1624 desideret,

128 1647 256 1721 censat;
280 1649 354 1725 post
373 1648 547 1712 incensum
569 1651 720 1714 ascendit
740 1650 781 1713 ad
797 1652 920 1715 sedem.
977 1649 1010 1711 et
1026 1648 1059 1711 te
1079 1647 1275 1725 inspirante,
1299 1664 1372 1724 quae
1392 1647 1452 1709 tibi
1471 1649 1594 1725 placita
1611 1650 1689 1711 sunt
1706 1648 1775 1710 toto

128 1743 255 1807 Electus
273 1761 365 1819 vero,
381 1746 470 1810 inter
485 1747 569 1821 baec,
586 1747 619 1811 et
635 1764 721 1811 uxor
737 1751 809 1826 ejus
825 1766 923 1827 pros-
976 1745 1076 1808 corde
1095 1744 1257 1824 perficiat.
1280 1748 1346 1807 Per
1363 1744 1532 1807 dominum
1553 1746 1704 1808 nostrum
1723 1747 1775 1808 Je-

127 1839 302 1905 temuntur
315 1844 392 1906 ante
407 1856 520 1907 arcam
536 1844 624 1908 beati
642 1847 744 1919 Petri,
762 1848 796 1911 et
809 1847 923 1909 archi·
976 1856 1049 1905 sum
1065 1842 1244 1906 Christum.
1263 1859 1282 1903 a

127 1937 286 2001 baconus
300 1939 381 2005 lacit
394 1941 557 2005 litaniam.
573 1946 645 2015 Qua
664 1944 768 2018 finita,
787 1946 922 2009 exuitur
1015 1943 1116 2005 Sacri
1142 1942 1259 2003 utactio
1288 1943 1352 2003 otei
1379 1943 1417 2003 to
1442 1942 1582 2015 patore
1611 1943 1744 2018 raptae
1762 1959 1774 2002 .·

128 2035 196 2097 solo
217 2037 358 2115 pluviali
381 2038 530 2104 dimisso.
555 2039 735 2120 Episcopus
759 2042 921 2106 Ostiensis
975 2037 1150 2115 «spiritus
1172 2038 1278 2100 sancti
1296 2038 1406 2113 gratia
1429 2037 1627 2101 humilitatis
1650 2040 1773 2100 nostrae

127 2134 227 2210 ungat
238 2133 413 2199 brachium
425 2138 580 2201 dextrum
592 2137 633 2200 de
647 2139 720 2202 oleo
733 2140 922 2203 exorcizato
976 2134 1087 2197 olticio
1101 2134 1236 2213 copiosa
1255 2135 1448 2210 descendat3
1466 2136 1502 2197 ut
1518 2135 1606 2197 sicut
1621 2135 1773 2197 manibus

126 2229 158 2292 et
179 2229 270 2293 inter
293 2233 459 2311 scapulas,
484 2235 518 2297 et
539 2234 652 2299 dicat:
977 2232 1100 2295 nostris
1117 2232 1263 2310 indignis
1287 2232 1361 2295 oleo
1385 2232 1553 2294 materiali
1571 2232 1673 2294 oblita
1694 2233 1773 2309 pin-

161 2329 435 2393 ‹Dominelleus
447 2332 667 2409 omnipotens,
681 2335 778 2411 cujus
791 2336 843 2397 est
856 2350 924 2396 om·
977 2329 1109 2406 guescis
1125 2329 1284 2402 exterius,
1305 2330 1353 2392 ita
1377 2331 1450 2408 ejus
1469 2328 1631 2392 invisibili
1648 2331 1773 2406 ungui-

122 2423 176 2486 nis
201 2426 348 2503 potestas
369 2428 404 2491 et
426 2427 583 2505 dignitas,
604 2430 638 2492 te
662 2430 804 2507 supplici
828 2430 925 2495 dero-
977 2426 1067 2489 mine
1088 2425 1246 2500 delibuta,
1270 2426 1473 2505 impinguari
1500 2428 1661 2489 merearis
1682 2428 1773 2491 inte-

122 2519 217 2583 tione
243 2522 342 2600 atque
365 2524 551 2589 humillima
574 2541 673 2603 prece
697 2526 921 2606 deposcimus,
976 2522 1063 2600 riust
1082 2526 1220 2602 ejusque
1235 2524 1401 2602 spirituali
1420 2524 1576 2587 unctione
1598 2524 1774 2601 perfectis-

122 2617 161 2679 ut
183 2617 267 2681 huic
290 2618 417 2683 famulo
439 2624 497 2686 tuo
522 2638 717 2701 prosperum
745 2626 923 2704 imperanti
977 2620 1060 2684 slme
1084 2636 1216 2698 semper
1239 2620 1378 2690 imbuta,
1405 2622 1439 2684 et
1460 2622 1580 2684 illicita
1606 2622 1774 2685 declinare

124 2713 298 2791 dignitatis
313 2718 476 2782 concedas
493 2720 657 2793 effectum,
674 2724 711 2785 ut
722 2722 758 2783 in
776 2725 834 2786 tua
848 2724 921 2785 dis-
975 2717 1045 2779 tota
1069 2718 1179 2781 mente
1200 2717 1235 2781 et
1256 2734 1414 2795 spernere
1440 2718 1549 2780 discas
1567 2735 1627 2782 seu
1645 2720 1771 2793 valeas,

125 2812 290 2890 positione
302 2816 481 2880 constituto
493 2817 534 2880 ad
547 2818 726 2894 regendam
739 2820 921 2882 Ecclesiam
975 2814 1008 2877 et
1020 2813 1115 2876 utilit!
1130 2814 1250 2877 arlmae
1261 2815 1326 2878 tuae
1336 2816 1463 2893 jugiter
1472 2816 1631 2893 cogitare,
1646 2819 1771 2895 optare,

126 2907 215 2969 tuam
231 2908 317 2970 nibil
332 2911 364 2971 ei
376 2912 556 2988 praesentia
570 2912 727 2987 officiant,
744 2914 921 2993 suturaque
974 2910 1073 2988 atque
1103 2911 1236 2989 operari
1267 2926 1385 2990 queas,
1418 2912 1604 2975 auxiliante
1634 2915 1773 2976 Domino

127 3004 376 3081 nononsrsant
390 3009 643 3088 assuspirans
657 3011 763 3074 sanos
777 3012 920 3090 spiritus
974 3008 1088 3071 nosco
1113 3008 1259 3082 carisa,
1286 3009 1344 3087 qur
1369 3024 1445 3072 cum
1475 3011 1575 3072 raas
1600 3011 1633 3072 a
1657 3010 1774 3073 eodem

128 3101 174 3164 tui
192 3088 278 3166 dono
298 3105 453 3183 populum
472 3107 537 3169 sibi
556 3108 723 3172 subditum
738 3125 834 3188 aequo
851 3114 922 3189 jus·
976 3105 1102 3183 Spiritu
1121 3108 1235 3169 sancto
1255 3106 1338 3169 vivit
1360 3107 1394 3169 et
1408 3108 1527 3183 regnat
1545 3109 1633 3169 Deus
1651 3107 1688 3168 in
1710 3124 1775 3171 sae-

129 3198 206 3263 titiae
221 3200 398 3265 libramine
409 3220 526 3282 regere
539 3205 660 3280 valeat,
677 3209 711 3270 et
721 3207 757 3269 in
767 3208 920 3270 omnibns
975 3202 1050 3263 cula
1064 3203 1274 3265 saeculorum.
1290 3205 1407 3264 Amen.
1424 3219 1444 3264 a

128 3297 279 3374 operiam
292 3300 823 3384 smstesempertimeat,tmique
834 3308 922 3385 jugi·
1015 3298 1095 3361 Post
1103 3299 1187 3372 haec
1199 3299 1358 3360 nominas
1368 3301 1459 3375 rapa
1468 3298 1770 3374 descenditasede

128 3395 176 3457 ter
185 3396 318 3474 placere
332 3399 520 3464 conlaudat.
536 3403 601 3463 Per
619 3402 807 3476 Dominum,
823 3404 887 3465 etc.
903 3422 921 3465 a
974 3396 1010 3458 et
1022 3394 1115 3457 radit
1135 3395 1178 3458 ad
1190 3395 1296 3457 altare
1310 3396 1416 3457 sancti
1431 3396 1597 3470 Meminit,
1613 3400 1772 3475 sequente

164 3495 328 3569 Seqrrltur
346 3499 459 3560 oratio
472 3515 484 3560 :
497 3501 615 3561 «Deus
629 3498 689 3561 Dei
708 3498 808 3572 illius,
824 3503 922 3563 lesus
976 3492 1088 3555 E100i0
1113 3494 1147 3557 θῖ
1160 3492 1307 3570 Ressissai
1332 3494 1366 3555 θῑ
1383 3493 1523 3555 Domino
1548 3497 1640 3571 Papa
1663 3496 1772 3559 Stante
1906 3510 1910 3516 '

129 3589 283 3666 Christus,
301 3593 358 3671 qui
378 3595 512 3657 aPatre
529 3595 603 3659 oleo
617 3596 833 3659 exultationis
845 3614 923 3660 uno.
976 3606 1078 3667 super
1089 3590 1190 3653 limen
1208 3591 1244 3652 in
1256 3590 1394 3655 introitu
1408 3591 1537 3665 altaris,
1557 3592 1690 3655 Electus
1704 3594 1770 3657 stet

129 3687 178 3749 tus
191 3691 241 3754 cst
255 3706 327 3768 prae
346 3692 565 3770 participibus
579 3693 661 3765 suis,
677 3693 749 3771 ipse
762 3710 823 3772 per
840 3711 923 3774 prae·
976 3688 1140 3750 antaeum
1152 3688 1189 3750 in
1200 3688 1310 3752 medio
1323 3690 1420 3765 rotae;
1432 3688 1473 3751 ad
1489 3694 1585 3770 cujus
1600 3690 1771 3754 dexteram

129 3788 247 3850 sentam
268 3789 360 3851 sacri
381 3790 599 3866 augminis,
622 3790 824 3855 infusionem
846 3794 923 3871 spi.
975 3786 1040 3847 stet
1051 3785 1190 3862 Regina,
1200 3801 1261 3849 sex
1271 3786 1434 3865 episcopis
1445 3787 1560 3865 palatii
1571 3790 1773 3852 Lateranen·

129 3882 207 3946 ritus
234 3886 396 3949 paracliti
426 3903 527 3966 super
557 3889 657 3966 caput
682 3889 776 3952 tuum
805 3889 922 3955 mndat
975 3883 1022 3944 sis
1036 3882 1072 3944 in
1086 3883 1255 3961 rotisquae
1267 3883 1443 3962 imposita
1456 3886 1534 3948 sunt
1552 3887 1773 3949 circumstan-

128 3975 401 4060 beuedictionem3
419 3984 633 4062 eamdemque
653 4001 757 4063 usque
771 3986 814 4048 ad
832 3985 921 4051 into-
974 3979 1073 4053 tibus,
1085 3981 1225 4058 septimo
1237 3980 1272 4043 in
1282 3981 1392 4045 officio
1401 3982 1517 4044 altaris
1530 3983 1663 4045 domino
1671 3987 1771 4061 Papae

129 4075 211 4141 riora
226 4080 340 4144 cordis
355 4081 406 4143 tui
424 4083 599 4160 penetrare
619 4082 736 4160 moiat3
756 4084 919 4162 quatenus
974 4078 1152 4140 serviente.
1171 4081 1263 4140 Tunc
1282 4078 1534 4151 oblationarius,
1554 4080 1647 4156 prior
1666 4081 1699 4142 et
1717 4096 1774 4143 se·

131 4171 187 4237 boc
197 4177 324 4241 visibili
338 4178 372 4242 et
381 4178 540 4242 tractibili
554 4179 640 4244 dono
655 4180 838 4245 invisibilia
848 4198 920 4261 per·
974 4175 1112 4248 candus,
1127 4176 1408 4238 sumantcoronas
1421 4176 1524 4239 Electi
1537 4177 1570 4239 et
1579 4178 1716 4254 Reginae
1732 4178 1772 4240 de

130 4271 242 4350 cipere,
257 4276 297 4339 et
304 4276 478 4354 temporali
491 4291 596 4354 regno
608 4278 709 4356 justis
724 4277 921 4342 moderami·
974 4271 1073 4333 altari
1094 4271 1201 4334 sancti
1215 4271 1317 4344 Petri,
1341 4272 1374 4333 ei
1398 4273 1524 4348 ponant
1545 4289 1646 4349 super
1664 4274 1771 4336 altare

131 4369 221 4434 uibus
237 4373 391 4447 exacuto,
411 4374 616 4438 aeternaliter
632 4390 707 4437 cum
723 4390 764 4438 eo
777 4390 919 4453 regnare
974 4367 1079 4429 sancti
1088 4367 1354 4429 mauriciirunc
1366 4367 1618 4444 dominusPapa
1629 4369 1771 4431 detinu-

132 4471 295 4545 merearis,
312 4471 368 4550 qui
382 4472 473 4533 solus
490 4471 563 4534 sine
576 4473 712 4550 peccato
728 4486 790 4534 rex
803 4488 919 4550 regum
973 4463 1042 4525 lum
1066 4463 1178 4526 Electo
1197 4464 1230 4525 et
1246 4463 1335 4525 dicat
1351 4485 1359 4524 z
1375 4464 1525 4541 «Accipe
1546 4464 1699 4534 anulum,
1722 4466 1771 4527 si-

132 4564 207 4630 nivit
219 4570 251 4633 et
260 4569 438 4648 gloriatur,
454 4584 529 4632 oum
545 4571 614 4632 Deo
628 4569 728 4632 Patre
741 4569 778 4631 in
791 4570 919 4633 unitata
973 4560 1151 4637 gnaoulum
1172 4559 1328 4622 videlicet
1349 4560 1474 4622 sanctae
1500 4559 1594 4634 fidei,
1619 4561 1771 4626 solidita-

132 4663 269 4738 ejusdem
286 4666 429 4745 Spiritus
443 4666 595 4729 sancti.»
972 4659 1039 4721 tem
1058 4657 1165 4735 regni,
1185 4660 1398 4734 augmentum
1415 4658 1581 4737 potentiae,
1599 4675 1659 4737 per
1674 4677 1771 4739 quem

168 4763 242 4826 Post
253 4764 344 4842 regia
363 4765 553 4828 unctionem
570 4763 720 4843 sequitur
731 4762 918 4829 benedictio
973 4756 1061 4819 scias
1079 4755 1272 4833 triumphali
1293 4756 1442 4834 l>⁰i⁰1¹tia
1462 4757 1575 4821 h0⁵i⁰⁸
1593 4759 1769 4836 ΓΘΡΘῙῙΘΡΘ»

134 4857 260 4936 Reginae
282 4864 361 4925 anta
381 4863 510 4926 altam
973 4854 1118 4916 haereses
1137 4853 1320 4923 destruere,
1346 4853 1495 4917 subditos
1516 4856 1717 4933 coadunare,
1737 4862 1770 4923 et

167 4960 284 5022 «Deus
311 4961 368 5038 qui
391 4960 483 5024 solus
508 4959 612 5022 hahes
637 4958 917 5024 immortalitatem
972 4951 1146 5014 catholicae
1173 4950 1250 5014 fidei
1275 4953 1575 5030 perseverabilitati
1605 4956 1767 5020 connecti.

135 5049 296 5135 lucemque
307 5058 439 5121 habitas
449 5057 722 5131 inaccessibilem,
734 5061 829 5137 cujus
843 5074 919 5137 pru·
972 5053 1048 5124 Per,
1068 5050 1165 5112 01⁰³

135 5144 236 5213 dantia
257 5153 292 5214 in
310 5152 363 5215 sui
381 5152 596 5230 dispositione
613 5167 680 5214 non
701 5152 841 5229 iallitur;
861 5153 917 5231 qui
1012 5150 1131 5211 Oratio
1139 5149 1219 5223 post
1232 5154 1375 5212 oculum
1386 5152 1507 5212 dotum
1518 5169 1530 5212 .·
1543 5167 1562 5209 ‹
1574 5152 1661 5211 Deus
1674 5153 1768 5227 cujus

135 5241 233 5311 iecisti
246 5266 319 5329 quae
335 5250 525 5323 factasunt,
543 5249 577 5312 et
589 5265 690 5312 rocas
706 5265 746 5312 ea
762 5266 836 5328 quae
851 5266 917 5313 nou
972 5246 1024 5308 est
1033 5244 1140 5307 omnis
1153 5246 1297 5323 potestas
1308 5246 1341 5310 et
1352 5247 1507 5324 dignitas,
1522 5247 1564 5309 da
1577 5246 1701 5308 famulo
1710 5248 1769 5309 tuo

137 5355 219 5421 sunit
242 5348 298 5425 qui
323 5347 483 5426 superbos
507 5363 603 5426 aequo
626 5347 852 5411 moderamine
877 5348 918 5411 de
971 5358 1166 5422 prosperum
1183 5360 1253 5406 suae
1272 5343 1443 5421 dignitatis
1460 5344 1624 5413 effectum,
1649 5343 1685 5402 in
1702 5359 1768 5419 qua

136 5440 310 5521 principatu
330 5444 435 5523 ejicis,
456 5445 555 5524 atque
576 5444 718 5506 humiles
741 5445 918 5522 dignanter
970 5442 1004 5504 te
1021 5442 1256 5513 remunerante
1275 5443 1477 5520 permaneat,
1499 5452 1693 5516 semperque
1711 5440 1767 5502 te·

136 5532 314 5606 insnblime
326 5542 492 5621 provehis,
508 5541 711 5605 ineffabilem
724 5542 917 5606 misericor·
971 5539 1065 5611 neat,
1099 5538 1226 5617 tibique
1253 5538 1381 5616 iugiter
1412 5537 1544 5615 placere
1579 5536 1765 5602 contendat.

137 5632 216 5699 diam
226 5640 314 5703 tuam
326 5641 492 5719 supplices
506 5655 695 5712 exoramus,
710 5641 747 5703 ut
755 5640 842 5704 sicut
855 5644 917 5703 Es-
971 5639 1046 5708 Per,
1070 5636 1164 5698 etc.»
