<?xml version="1.0" encoding="UTF-8"?>
<!DOCTYPE html PUBLIC "-//W3C//DTD XHTML 1.0 Transitional//EN"
    "http://www.w3.org/TR/xhtml1/DTD/xhtml1-transitional.dtd">
<html xmlns="http://www.w3.org/1999/xhtml" xml:lang="en" lang="en">
 <head>
  <title>
</title>
<meta http-equiv="Content-Type" content="text/html;charset=utf-8" />
  <meta name='ocr-system' content='tesseract 3.04.00' />
  <meta name='ocr-capabilities' content='ocr_page ocr_carea ocr_par ocr_line ocrx_word'/>
</head>
<body>
  <div class='ocr_page' id='page_1' title='image "./mediiaevibiblio07bottgoog_0432.png"; bbox 0 0 3952 6188; ppageno 0'>
   <div class='ocr_carea' id='block_1_1' title="bbox 100 305 1755 373">
    <p class='ocr_par' dir='ltr' id='par_1_1' title="bbox 100 305 1755 373">
     <span class='ocr_line' id='line_1_1' title="bbox 100 305 1755 373; baseline 0.002 -4"><span class='ocrx_word' id='word_1_1' title='bbox 100 305 166 370; x_wconf 80' lang='lat'><strong>785</strong></span> <span class='ocrx_word' id='word_1_2' title='bbox 1694 311 1755 373; x_wconf 83' lang='grc'><strong>786</strong></span> 
     </span>
    </p>
   </div>
   <div class='ocr_carea' id='block_1_2' title="bbox 100 461 1757 2296">
    <p class='ocr_par' dir='ltr' id='par_1_2' title="bbox 100 461 1757 2296">
     <span class='ocr_line' id='line_1_2' title="bbox 101 461 1754 551; baseline 0.002 -25"><span class='ocrx_word' id='word_1_3' title='bbox 101 463 184 544; x_wconf 88' lang='lat' dir='ltr'><strong>qnia</strong></span> <span class='ocrx_word' id='word_1_4' title='bbox 207 461 303 525; x_wconf 90' lang='lat' dir='ltr'><strong>multi</strong></span> <span class='ocrx_word' id='word_1_5' title='bbox 324 461 453 526; x_wconf 84' lang='lat' dir='ltr'><strong>tuntum</strong></span> <span class='ocrx_word' id='word_1_6' title='bbox 481 462 668 537; x_wconf 90' lang='lat' dir='ltr'><strong>comedunt,</strong></span> <span class='ocrx_word' id='word_1_7' title='bbox 692 461 779 542; x_wconf 93' lang='lat' dir='ltr'><strong>quod</strong></span> <span class='ocrx_word' id='word_1_8' title='bbox 803 463 902 525; x_wconf 84' lang='grc'>111111-</span> <span class='ocrx_word' id='word_1_9' title='bbox 955 479 1073 551; x_wconf 85' lang='lat' dir='ltr'><strong>porum</strong></span> <span class='ocrx_word' id='word_1_10' title='bbox 1085 465 1118 527; x_wconf 90' lang='lat' dir='ltr'><strong>et</strong></span> <span class='ocrx_word' id='word_1_11' title='bbox 1133 465 1384 529; x_wconf 87' lang='lat' dir='ltr'><strong>retributionem</strong></span> <span class='ocrx_word' id='word_1_12' title='bbox 1405 464 1482 528; x_wconf 80' lang='lat' dir='ltr'><strong>ultae</strong></span> <span class='ocrx_word' id='word_1_13' title='bbox 1497 464 1642 528; x_wconf 80' lang='lat' dir='ltr'><strong>aeternae.</strong></span> <span class='ocrx_word' id='word_1_14' title='bbox 1660 467 1754 530; x_wconf 85' lang='lat' dir='ltr'>Unde</span> 
     </span>
     <span class='ocr_line' id='line_1_3' title="bbox 102 560 1755 639; baseline 0.001 -15"><span class='ocrx_word' id='word_1_15' title='bbox 102 561 240 624; x_wconf 90' lang='lat' dir='ltr'><strong>mantur</strong></span> <span class='ocrx_word' id='word_1_16' title='bbox 260 561 315 623; x_wconf 76' lang='lat' dir='ltr'><strong>tel</strong></span> <span class='ocrx_word' id='word_1_17' title='bbox 337 560 536 623; x_wconf 86' lang='lat' dir='ltr'><strong>moriuntur.</strong></span> <span class='ocrx_word' id='word_1_18' title='bbox 564 561 661 627; x_wconf 80' lang='lat' dir='ltr'><strong>¹Unde</strong></span> <span class='ocrx_word' id='word_1_19' title='bbox 685 561 900 623; x_wconf 75' lang='lat' dir='ltr'><strong>Ecclesiasti-</strong></span> <span class='ocrx_word' id='word_1_20' title='bbox 955 562 1148 623; x_wconf 84' lang='lat' dir='ltr'><strong>Jeremias:</strong></span> <span class='ocrx_word' id='word_1_21' title='bbox 1180 567 1351 639; x_wconf 62' lang='lat' dir='ltr'><strong>Princeps</strong></span> <span class='ocrx_word' id='word_1_22' title='bbox 1386 577 1544 625; x_wconf 79' lang='lat' dir='ltr'><strong>cocorum</strong></span> <span class='ocrx_word' id='word_1_23' title='bbox 1578 563 1755 626; x_wconf 77' lang='lat' dir='ltr'><strong>destmcmtt</strong></span> 
     </span>
     <span class='ocr_line' id='line_1_4' title="bbox 102 659 1755 737; baseline -0.001 -15"><span class='ocrx_word' id='word_1_24' title='bbox 102 675 163 722; x_wconf 90' lang='lat' dir='ltr'><strong>cus</strong></span> <span class='ocrx_word' id='word_1_25' title='bbox 181 680 188 719; x_wconf 92' lang='lat'><strong>:</strong></span> <span class='ocrx_word' id='word_1_26' title='bbox 204 659 358 734; x_wconf 81' lang='lat' dir='ltr'><strong>Propter</strong></span> <span class='ocrx_word' id='word_1_27' title='bbox 381 665 560 734; x_wconf 79' lang='lat' dir='ltr'><strong>crapulam</strong></span> <span class='ocrx_word' id='word_1_28' title='bbox 580 660 682 721; x_wconf 79' lang='lat' dir='ltr'><strong>molti</strong></span> <span class='ocrx_word' id='word_1_29' title='bbox 703 659 900 734; x_wconf 73' lang='grc' dir='ltr'>00110νο01.</span> <span class='ocrx_word' id='word_1_30' title='bbox 956 673 1076 720; x_wconf 80' lang='lat' dir='ltr'><strong>muros</strong></span> <span class='ocrx_word' id='word_1_31' title='bbox 1098 662 1304 722; x_wconf 70' lang='lat' dir='ltr'><strong>tartonam.</strong></span> <span class='ocrx_word' id='word_1_32' title='bbox 1333 660 1492 737; x_wconf 83' lang='lat' dir='ltr'><strong>Princeps</strong></span> <span class='ocrx_word' id='word_1_33' title='bbox 1524 676 1678 722; x_wconf 89' lang='lat' dir='ltr'><strong>cocorum</strong></span> <span class='ocrx_word' id='word_1_34' title='bbox 1704 659 1755 723; x_wconf 90' lang='lat' dir='ltr'><strong>est</strong></span> 
     </span>
     <span class='ocr_line' id='line_1_5' title="bbox 106 756 1755 832; baseline 0 -14"><span class='ocrx_word' id='word_1_35' title='bbox 106 760 171 824; x_wconf 82' lang='grc'><strong>001</strong></span> <span class='ocrx_word' id='word_1_36' title='bbox 203 757 322 818; x_wconf 81' lang='lat' dir='ltr'><strong>cutem</strong></span> <span class='ocrx_word' id='word_1_37' title='bbox 339 757 516 818; x_wconf 70' lang='lat' dir='ltr'><strong><em>abstinens</em></strong></span> <span class='ocrx_word' id='word_1_38' title='bbox 541 757 603 828; x_wconf 84' lang='lat' dir='ltr'><strong>cst,</strong></span> <span class='ocrx_word' id='word_1_39' title='bbox 634 757 772 828; x_wconf 78' lang='lat' dir='ltr'><strong>adiiciet</strong></span> <span class='ocrx_word' id='word_1_40' title='bbox 792 756 902 817; x_wconf 82' lang='lat' dir='ltr'><strong>otiam</strong></span> <span class='ocrx_word' id='word_1_41' title='bbox 956 756 1082 827; x_wconf 80' lang='lat' dir='ltr'><strong>venter,</strong></span> <span class='ocrx_word' id='word_1_42' title='bbox 1099 756 1177 832; x_wconf 92' lang='lat' dir='ltr'><strong>quia</strong></span> <span class='ocrx_word' id='word_1_43' title='bbox 1192 771 1306 817; x_wconf 88' lang='lat' dir='ltr'><strong>omnes</strong></span> <span class='ocrx_word' id='word_1_44' title='bbox 1319 757 1390 817; x_wconf 89' lang='lat' dir='ltr'><strong>coci</strong></span> <span class='ocrx_word' id='word_1_45' title='bbox 1401 756 1590 819; x_wconf 87' lang='lat' dir='ltr'><strong>ministrant</strong></span> <span class='ocrx_word' id='word_1_46' title='bbox 1603 757 1645 819; x_wconf 87' lang='lat' dir='ltr'><strong>ei.</strong></span> <span class='ocrx_word' id='word_1_47' title='bbox 1661 759 1755 820; x_wconf 87' lang='lat' dir='ltr'><strong>Jeru-</strong></span> 
     </span>
     <span class='ocr_line' id='line_1_6' title="bbox 104 851 1755 933; baseline 0.001 -19"><span class='ocrx_word' id='word_1_48' title='bbox 104 852 210 933; x_wconf 71' lang='grc'>111001</span> <span class='ocrx_word' id='word_1_49' title='bbox 233 866 366 925; x_wconf 81' lang='lat' dir='ltr'><strong>xxxvn,</strong></span> <span class='ocrx_word' id='word_1_50' title='bbox 382 852 448 931; x_wconf 86' lang='grc'>34),</span> <span class='ocrx_word' id='word_1_51' title='bbox 471 851 566 924; x_wconf 88' lang='lat' dir='ltr'><strong>idest,</strong></span> <span class='ocrx_word' id='word_1_52' title='bbox 583 853 761 915; x_wconf 77' lang='lat' dir='ltr'><strong>accrescet.</strong></span> <span class='ocrx_word' id='word_1_53' title='bbox 777 852 902 914; x_wconf 86' lang='lat' dir='ltr'><strong>Dahae</strong></span> <span class='ocrx_word' id='word_1_54' title='bbox 958 852 1062 912; x_wconf 87' lang='lat' dir='ltr'><strong>salem</strong></span> <span class='ocrx_word' id='word_1_55' title='bbox 1088 853 1139 913; x_wconf 91' lang='lat' dir='ltr'><strong>est</strong></span> <span class='ocrx_word' id='word_1_56' title='bbox 1164 852 1272 913; x_wconf 85' lang='lat' dir='ltr'><strong>ildells</strong></span> <span class='ocrx_word' id='word_1_57' title='bbox 1303 852 1426 916; x_wconf 88' lang='lat' dir='ltr'><strong>anima.</strong></span> <span class='ocrx_word' id='word_1_58' title='bbox 1454 854 1545 915; x_wconf 90' lang='lat' dir='ltr'><strong>Muri</strong></span> <span class='ocrx_word' id='word_1_59' title='bbox 1568 855 1755 918; x_wconf 83' lang='lat' dir='ltr'><strong>Jerusalem</strong></span> 
     </span>
     <span class='ocr_line' id='line_1_7' title="bbox 102 948 1756 1028; baseline 0.001 -15"><span class='ocrx_word' id='word_1_60' title='bbox 102 950 253 1027; x_wconf 85' lang='lat' dir='ltr'><strong>crapula,</strong></span> <span class='ocrx_word' id='word_1_61' title='bbox 283 966 343 1012; x_wconf 89' lang='lat' dir='ltr'><strong>seu</strong></span> <span class='ocrx_word' id='word_1_62' title='bbox 377 949 489 1012; x_wconf 89' lang='lat' dir='ltr'><strong>carnis</strong></span> <span class='ocrx_word' id='word_1_63' title='bbox 530 950 669 1012; x_wconf 80' lang='lat' dir='ltr'><strong>lascivia</strong></span> <span class='ocrx_word' id='word_1_64' title='bbox 705 951 901 1013; x_wconf 78' lang='lat' dir='ltr'><strong>ieremias:</strong></span> <span class='ocrx_word' id='word_1_65' title='bbox 957 948 1035 1010; x_wconf 91' lang='lat' dir='ltr'><strong>sunt</strong></span> <span class='ocrx_word' id='word_1_66' title='bbox 1053 949 1205 1011; x_wconf 82' lang='lat' dir='ltr'><strong>virtutes.</strong></span> <span class='ocrx_word' id='word_1_67' title='bbox 1231 951 1391 1028; x_wconf 85' lang='lat' dir='ltr'><strong>Princeps</strong></span> <span class='ocrx_word' id='word_1_68' title='bbox 1416 968 1571 1014; x_wconf 89' lang='lat' dir='ltr'><strong>cocorum</strong></span> <span class='ocrx_word' id='word_1_69' title='bbox 1591 951 1756 1014; x_wconf 76' lang='lat' dir='ltr'><strong>destruxit</strong></span> 
     </span>
     <span class='ocr_line' id='line_1_8' title="bbox 107 1047 1756 1126; baseline 0 -16"><span class='ocrx_word' id='word_1_70' title='bbox 107 1050 223 1111; x_wconf 77' lang='lat' dir='ltr'><strong>Vitatis</strong></span> <span class='ocrx_word' id='word_1_71' title='bbox 232 1053 370 1125; x_wconf 73' lang='lat' dir='ltr'><strong>elegans</strong></span> <span class='ocrx_word' id='word_1_72' title='bbox 382 1050 418 1110; x_wconf 83' lang='lat' dir='ltr'><strong>ot</strong></span> <span class='ocrx_word' id='word_1_73' title='bbox 429 1049 584 1122; x_wconf 72' lang='lat' dir='ltr'><strong>formoso</strong></span> <span class='ocrx_word' id='word_1_74' title='bbox 593 1049 775 1125; x_wconf 48' lang='lat' dir='ltr'><strong>innuptas,</strong></span> <span class='ocrx_word' id='word_1_75' title='bbox 784 1049 904 1110; x_wconf 76' lang='grc'>111100·</span> <span class='ocrx_word' id='word_1_76' title='bbox 957 1062 1070 1109; x_wconf 88' lang='lat' dir='ltr'><strong>muros</strong></span> <span class='ocrx_word' id='word_1_77' title='bbox 1094 1047 1291 1118; x_wconf 82' lang='lat' dir='ltr'><strong>Jerusalem,</strong></span> <span class='ocrx_word' id='word_1_78' title='bbox 1316 1050 1394 1125; x_wconf 90' lang='lat' dir='ltr'><strong>quia</strong></span> <span class='ocrx_word' id='word_1_79' title='bbox 1421 1052 1654 1126; x_wconf 80' lang='lat' dir='ltr'><strong>pervenirem</strong></span> <span class='ocrx_word' id='word_1_80' title='bbox 1678 1050 1756 1111; x_wconf 89' lang='lat' dir='ltr'><strong>des-</strong></span> 
     </span>
     <span class='ocr_line' id='line_1_9' title="bbox 102 1143 1756 1225; baseline -0.001 -16"><span class='ocrx_word' id='word_1_81' title='bbox 102 1143 824 1224; x_wconf 73' lang='grc'>1010101000000000010101(1010101111,</span> <span class='ocrx_word' id='word_1_82' title='bbox 835 1145 901 1225; x_wconf 82' lang='lat'>20).</span> <span class='ocrx_word' id='word_1_83' title='bbox 956 1145 1114 1206; x_wconf 83' lang='lat' dir='ltr'><strong>truantur</strong></span> <span class='ocrx_word' id='word_1_84' title='bbox 1127 1160 1241 1207; x_wconf 87' lang='lat' dir='ltr'><strong>omnes</strong></span> <span class='ocrx_word' id='word_1_85' title='bbox 1256 1146 1400 1208; x_wconf 89' lang='lat' dir='ltr'><strong>bonores</strong></span> <span class='ocrx_word' id='word_1_86' title='bbox 1420 1162 1595 1224; x_wconf 89' lang='lat' dir='ltr'><strong>corporum</strong></span> <span class='ocrx_word' id='word_1_87' title='bbox 1607 1149 1641 1209; x_wconf 91' lang='lat' dir='ltr'><strong>et</strong></span> <span class='ocrx_word' id='word_1_88' title='bbox 1653 1146 1756 1209; x_wconf 82' lang='lat' dir='ltr'><strong>virtu·</strong></span> 
     </span>
     <span class='ocr_line' id='line_1_10' title="bbox 101 1241 1756 1320; baseline 0 -15"><span class='ocrx_word' id='word_1_89' title='bbox 101 1241 904 1320; x_wconf 78' lang='lat' dir='ltr'><strong>AEgyptusinterpretaturtenebrae‚eisignificat</strong></span> <span class='ocrx_word' id='word_1_90' title='bbox 956 1242 1007 1304; x_wconf 92' lang='lat' dir='ltr'><strong>tes</strong></span> <span class='ocrx_word' id='word_1_91' title='bbox 1038 1242 1236 1305; x_wconf 87' lang='lat' dir='ltr'><strong>animarum.</strong></span> <span class='ocrx_word' id='word_1_92' title='bbox 1275 1243 1426 1306; x_wconf 87' lang='lat' dir='ltr'><strong>Secunda</strong></span> <span class='ocrx_word' id='word_1_93' title='bbox 1459 1244 1550 1306; x_wconf 82' lang='lat' dir='ltr'><strong>febre</strong></span> <span class='ocrx_word' id='word_1_94' title='bbox 1580 1245 1756 1307; x_wconf 87' lang='lat' dir='ltr'><strong>tenebatur</strong></span> 
     </span>
     <span class='ocr_line' id='line_1_11' title="bbox 100 1340 1752 1419; baseline -0.001 -16"><span class='ocrx_word' id='word_1_95' title='bbox 100 1355 245 1418; x_wconf 89' lang='lat' dir='ltr'><strong>corpora</strong></span> <span class='ocrx_word' id='word_1_96' title='bbox 259 1340 384 1413; x_wconf 89' lang='lat' dir='ltr'><strong>nostra,</strong></span> <span class='ocrx_word' id='word_1_97' title='bbox 404 1356 479 1419; x_wconf 77' lang='lat' dir='ltr'><strong>quae</strong></span> <span class='ocrx_word' id='word_1_98' title='bbox 502 1354 634 1417; x_wconf 87' lang='lat' dir='ltr'><strong>semper</strong></span> <span class='ocrx_word' id='word_1_99' title='bbox 657 1340 734 1402; x_wconf 87' lang='lat' dir='ltr'><strong>sunt</strong></span> <span class='ocrx_word' id='word_1_100' title='bbox 754 1340 790 1401; x_wconf 91' lang='lat' dir='ltr'><strong>in</strong></span> <span class='ocrx_word' id='word_1_101' title='bbox 808 1342 905 1403; x_wconf 92' lang='lat' dir='ltr'><strong>tene-</strong></span> <span class='ocrx_word' id='word_1_102' title='bbox 958 1341 1074 1413; x_wconf 80' lang='lat' dir='ltr'><strong>David,</strong></span> <span class='ocrx_word' id='word_1_103' title='bbox 1107 1341 1238 1418; x_wconf 90' lang='lat' dir='ltr'><strong>quando</strong></span> <span class='ocrx_word' id='word_1_104' title='bbox 1262 1342 1451 1418; x_wconf 82' lang='lat' dir='ltr'><strong>concupivit</strong></span> <span class='ocrx_word' id='word_1_105' title='bbox 1483 1358 1622 1403; x_wconf 80' lang='lat' dir='ltr'><strong>uxorem</strong></span> <span class='ocrx_word' id='word_1_106' title='bbox 1650 1341 1752 1403; x_wconf 90' lang='lat' dir='ltr'><strong>Uriae.</strong></span> 
     </span>
     <span class='ocr_line' id='line_1_12' title="bbox 101 1435 1754 1517; baseline 0.001 -19"><span class='ocrx_word' id='word_1_107' title='bbox 101 1436 183 1510; x_wconf 89' lang='lat' dir='ltr'><strong>bris,</strong></span> <span class='ocrx_word' id='word_1_108' title='bbox 203 1437 281 1514; x_wconf 92' lang='lat' dir='ltr'><strong>qula</strong></span> <span class='ocrx_word' id='word_1_109' title='bbox 296 1449 429 1514; x_wconf 90' lang='lat' dir='ltr'><strong>semper</strong></span> <span class='ocrx_word' id='word_1_110' title='bbox 448 1435 565 1498; x_wconf 79' lang='lat' dir='ltr'><strong>vivunt</strong></span> <span class='ocrx_word' id='word_1_111' title='bbox 583 1437 619 1498; x_wconf 93' lang='lat' dir='ltr'><strong>in</strong></span> <span class='ocrx_word' id='word_1_112' title='bbox 642 1438 800 1516; x_wconf 85' lang='lat' dir='ltr'><strong>peccatis,</strong></span> <span class='ocrx_word' id='word_1_113' title='bbox 826 1438 904 1515; x_wconf 89' lang='lat' dir='ltr'><strong>quia</strong></span> <span class='ocrx_word' id='word_1_114' title='bbox 958 1437 1020 1499; x_wconf 91' lang='lat' dir='ltr'><strong>Hic</strong></span> <span class='ocrx_word' id='word_1_115' title='bbox 1050 1438 1155 1500; x_wconf 82' lang='lat' dir='ltr'><strong>David</strong></span> <span class='ocrx_word' id='word_1_116' title='bbox 1176 1438 1342 1515; x_wconf 85' lang='lat' dir='ltr'><strong>significat</strong></span> <span class='ocrx_word' id='word_1_117' title='bbox 1367 1441 1583 1517; x_wconf 86' lang='lat' dir='ltr'><strong>perniciosos,</strong></span> <span class='ocrx_word' id='word_1_118' title='bbox 1608 1440 1665 1516; x_wconf 92' lang='lat' dir='ltr'><strong>qui</strong></span> <span class='ocrx_word' id='word_1_119' title='bbox 1687 1454 1754 1500; x_wconf 91' lang='lat' dir='ltr'><strong>non</strong></span> 
     </span>
     <span class='ocr_line' id='line_1_13' title="bbox 100 1533 1754 1614; baseline 0.001 -19"><span class='ocrx_word' id='word_1_120' title='bbox 100 1534 224 1595; x_wconf 81' lang='lat' dir='ltr'><strong>rirunt</strong></span> <span class='ocrx_word' id='word_1_121' title='bbox 244 1533 425 1595; x_wconf 88' lang='lat' dir='ltr'><strong>secundum</strong></span> <span class='ocrx_word' id='word_1_122' title='bbox 455 1548 603 1607; x_wconf 90' lang='lat' dir='ltr'><strong>carnem,</strong></span> <span class='ocrx_word' id='word_1_123' title='bbox 634 1549 701 1595; x_wconf 92' lang='lat' dir='ltr'><strong>non</strong></span> <span class='ocrx_word' id='word_1_124' title='bbox 722 1535 904 1596; x_wconf 90' lang='lat' dir='ltr'><strong>secundum</strong></span> <span class='ocrx_word' id='word_1_125' title='bbox 958 1536 1078 1597; x_wconf 89' lang='lat' dir='ltr'><strong>curant</strong></span> <span class='ocrx_word' id='word_1_126' title='bbox 1100 1536 1141 1596; x_wconf 91' lang='lat' dir='ltr'><strong>de</strong></span> <span class='ocrx_word' id='word_1_127' title='bbox 1164 1537 1320 1614; x_wconf 89' lang='lat' dir='ltr'><strong>peccatis,</strong></span> <span class='ocrx_word' id='word_1_128' title='bbox 1346 1537 1403 1598; x_wconf 91' lang='lat' dir='ltr'><strong>sed</strong></span> <span class='ocrx_word' id='word_1_129' title='bbox 1423 1536 1652 1599; x_wconf 82' lang='lat' dir='ltr'><strong>indifferenter</strong></span> <span class='ocrx_word' id='word_1_130' title='bbox 1672 1553 1754 1614; x_wconf 89' lang='lat' dir='ltr'><strong>pec-</strong></span> 
     </span>
     <span class='ocr_line' id='line_1_14' title="bbox 102 1630 1755 1712; baseline 0.003 -21"><span class='ocrx_word' id='word_1_131' title='bbox 102 1631 272 1709; x_wconf 85' lang='lat' dir='ltr'><strong>spiritum.</strong></span> <span class='ocrx_word' id='word_1_132' title='bbox 309 1630 394 1703; x_wconf 89' lang='lat' dir='ltr'><strong>Quid</strong></span> <span class='ocrx_word' id='word_1_133' title='bbox 425 1631 515 1693; x_wconf 89' lang='lat' dir='ltr'><strong>enim</strong></span> <span class='ocrx_word' id='word_1_134' title='bbox 556 1631 688 1704; x_wconf 77' lang='lat' dir='ltr'><strong>caecius,</strong></span> <span class='ocrx_word' id='word_1_135' title='bbox 705 1631 784 1710; x_wconf 91' lang='lat' dir='ltr'><strong>quid</strong></span> <span class='ocrx_word' id='word_1_136' title='bbox 804 1633 904 1693; x_wconf 91' lang='lat' dir='ltr'><strong>tene·</strong></span> <span class='ocrx_word' id='word_1_137' title='bbox 959 1634 1046 1706; x_wconf 90' lang='lat' dir='ltr'><strong>cant,</strong></span> <span class='ocrx_word' id='word_1_138' title='bbox 1063 1634 1153 1710; x_wconf 91' lang='lat' dir='ltr'><strong>quia,</strong></span> <span class='ocrx_word' id='word_1_139' title='bbox 1174 1635 1260 1698; x_wconf 88' lang='lat' dir='ltr'><strong>sicut</strong></span> <span class='ocrx_word' id='word_1_140' title='bbox 1280 1635 1361 1697; x_wconf 90' lang='lat' dir='ltr'><strong>dicit</strong></span> <span class='ocrx_word' id='word_1_141' title='bbox 1382 1636 1596 1711; x_wconf 77' lang='lat' dir='ltr'><strong>Augustinus,</strong></span> <span class='ocrx_word' id='word_1_142' title='bbox 1619 1637 1755 1712; x_wconf 88' lang='lat' dir='ltr'><strong>peccata</strong></span> 
     </span>
     <span class='ocr_line' id='line_1_15' title="bbox 102 1728 1755 1808; baseline 0.001 -18"><span class='ocrx_word' id='word_1_143' title='bbox 102 1728 238 1791; x_wconf 91' lang='lat' dir='ltr'><strong>brosius</strong></span> <span class='ocrx_word' id='word_1_144' title='bbox 261 1743 373 1801; x_wconf 89' lang='lat' dir='ltr'><strong>carne,</strong></span> <span class='ocrx_word' id='word_1_145' title='bbox 392 1744 477 1805; x_wconf 85' lang='lat' dir='ltr'><strong>quae,</strong></span> <span class='ocrx_word' id='word_1_146' title='bbox 500 1729 568 1790; x_wconf 90' lang='lat' dir='ltr'><strong>nisi</strong></span> <span class='ocrx_word' id='word_1_147' title='bbox 587 1728 717 1791; x_wconf 89' lang='lat' dir='ltr'><strong>ratione</strong></span> <span class='ocrx_word' id='word_1_148' title='bbox 743 1728 906 1792; x_wconf 70' lang='grc'>101100110-</span> <span class='ocrx_word' id='word_1_149' title='bbox 959 1731 1110 1808; x_wconf 84' lang='lat' dir='ltr'><strong>quamvis</strong></span> <span class='ocrx_word' id='word_1_150' title='bbox 1133 1747 1254 1808; x_wconf 87' lang='lat' dir='ltr'><strong>magna</strong></span> <span class='ocrx_word' id='word_1_151' title='bbox 1277 1732 1309 1793; x_wconf 93' lang='lat' dir='ltr'><strong>et</strong></span> <span class='ocrx_word' id='word_1_152' title='bbox 1334 1731 1501 1794; x_wconf 85' lang='lat' dir='ltr'><strong>horrenda</strong></span> <span class='ocrx_word' id='word_1_153' title='bbox 1523 1733 1599 1804; x_wconf 88' lang='lat' dir='ltr'><strong>siut,</strong></span> <span class='ocrx_word' id='word_1_154' title='bbox 1620 1748 1695 1792; x_wconf 93' lang='lat' dir='ltr'><strong>cum</strong></span> <span class='ocrx_word' id='word_1_155' title='bbox 1719 1731 1755 1792; x_wconf 91' lang='lat' dir='ltr'><strong>in</strong></span> 
     </span>
     <span class='ocr_line' id='line_1_16' title="bbox 103 1826 1757 1906; baseline 0 -18"><span class='ocrx_word' id='word_1_156' title='bbox 103 1827 172 1900; x_wconf 81' lang='lat' dir='ltr'><strong>tur,</strong></span> <span class='ocrx_word' id='word_1_157' title='bbox 199 1826 319 1904; x_wconf 81' lang='lat' dir='ltr'><strong>quaerit</strong></span> <span class='ocrx_word' id='word_1_158' title='bbox 345 1841 478 1904; x_wconf 86' lang='lat' dir='ltr'><strong>semper</strong></span> <span class='ocrx_word' id='word_1_159' title='bbox 510 1826 719 1889; x_wconf 84' lang='lat' dir='ltr'><strong>delectabilia</strong></span> <span class='ocrx_word' id='word_1_160' title='bbox 750 1828 783 1889; x_wconf 90' lang='lat' dir='ltr'><strong>et</strong></span> <span class='ocrx_word' id='word_1_161' title='bbox 813 1843 904 1888; x_wconf 88' lang='lat' dir='ltr'><strong>nun·</strong></span> <span class='ocrx_word' id='word_1_162' title='bbox 959 1827 1230 1890; x_wconf 85' lang='lat' dir='ltr'><strong>consuetudinem</strong></span> <span class='ocrx_word' id='word_1_163' title='bbox 1260 1828 1440 1899; x_wconf 82' lang='lat' dir='ltr'><strong>venerunt,</strong></span> <span class='ocrx_word' id='word_1_164' title='bbox 1476 1830 1534 1892; x_wconf 89' lang='lat' dir='ltr'><strong>aui</strong></span> <span class='ocrx_word' id='word_1_165' title='bbox 1561 1843 1663 1906; x_wconf 87' lang='lat' dir='ltr'><strong>parva</strong></span> <span class='ocrx_word' id='word_1_166' title='bbox 1697 1827 1757 1888; x_wconf 89' lang='lat' dir='ltr'><strong>aut</strong></span> 
     </span>
     <span class='ocr_line' id='line_1_17' title="bbox 103 1923 1757 2002; baseline 0.001 -19"><span class='ocrx_word' id='word_1_167' title='bbox 103 1923 903 2002; x_wconf 83' lang='lat' dir='ltr'><strong>quamutilialAEgyptusinterpretaturtcnebrae</strong></span> <span class='ocrx_word' id='word_1_168' title='bbox 958 1924 1051 1985; x_wconf 89' lang='lat' dir='ltr'><strong>nulla</strong></span> <span class='ocrx_word' id='word_1_169' title='bbox 1078 1925 1271 1987; x_wconf 90' lang='lat' dir='ltr'><strong>creduntur.</strong></span> <span class='ocrx_word' id='word_1_170' title='bbox 1305 1926 1417 1986; x_wconf 87' lang='lat' dir='ltr'><strong>Tertia</strong></span> <span class='ocrx_word' id='word_1_171' title='bbox 1454 1926 1545 1987; x_wconf 82' lang='lat' dir='ltr'><strong>febre</strong></span> <span class='ocrx_word' id='word_1_172' title='bbox 1581 1923 1757 1987; x_wconf 88' lang='lat' dir='ltr'><strong>tenebatur</strong></span> 
     </span>
     <span class='ocr_line' id='line_1_18' title="bbox 101 2020 1755 2100; baseline 0.001 -19"><span class='ocrx_word' id='word_1_173' title='bbox 101 2021 161 2083; x_wconf 85' lang='lat' dir='ltr'><strong>aut</strong></span> <span class='ocrx_word' id='word_1_174' title='bbox 187 2020 360 2083; x_wconf 87' lang='lat' dir='ltr'><strong>tribulatio</strong></span> <span class='ocrx_word' id='word_1_175' title='bbox 397 2023 634 2098; x_wconf 87' lang='lat' dir='ltr'><strong>coangustans,</strong></span> <span class='ocrx_word' id='word_1_176' title='bbox 670 2023 704 2083; x_wconf 88' lang='lat' dir='ltr'><strong>et</strong></span> <span class='ocrx_word' id='word_1_177' title='bbox 738 2022 905 2099; x_wconf 76' lang='lat' dir='ltr'><strong>significat</strong></span> <span class='ocrx_word' id='word_1_178' title='bbox 957 2023 1072 2096; x_wconf 87' lang='lat' dir='ltr'><strong>Judas,</strong></span> <span class='ocrx_word' id='word_1_179' title='bbox 1107 2025 1238 2100; x_wconf 90' lang='lat' dir='ltr'><strong>quando</strong></span> <span class='ocrx_word' id='word_1_180' title='bbox 1270 2023 1422 2085; x_wconf 79' lang='lat' dir='ltr'><strong>vendidit</strong></span> <span class='ocrx_word' id='word_1_181' title='bbox 1445 2022 1623 2084; x_wconf 74' lang='lat' dir='ltr'><strong>Christum.</strong></span> <span class='ocrx_word' id='word_1_182' title='bbox 1652 2020 1755 2085; x_wconf 80' lang='lat' dir='ltr'><strong>iudas</strong></span> 
     </span>
     <span class='ocr_line' id='line_1_19' title="bbox 100 2117 1756 2219; baseline -0.001 -40"><span class='ocrx_word' id='word_1_183' title='bbox 100 2133 240 2179; x_wconf 87' lang='lat' dir='ltr'><strong>carnem</strong></span> <span class='ocrx_word' id='word_1_184' title='bbox 278 2121 437 2219; x_wconf 63' lang='lat' dir='ltr'><strong>nosigam,</strong></span> <span class='ocrx_word' id='word_1_185' title='bbox 468 2136 542 2197; x_wconf 83' lang='lat' dir='ltr'><strong>quae</strong></span> <span class='ocrx_word' id='word_1_186' title='bbox 570 2119 726 2182; x_wconf 88' lang='lat' dir='ltr'><strong>obscurat</strong></span> <span class='ocrx_word' id='word_1_187' title='bbox 746 2119 903 2181; x_wconf 89' lang='lat' dir='ltr'><strong>intellec·</strong></span> <span class='ocrx_word' id='word_1_188' title='bbox 958 2119 1016 2196; x_wconf 89' lang='lat' dir='ltr'><strong>qui</strong></span> <span class='ocrx_word' id='word_1_189' title='bbox 1044 2119 1196 2181; x_wconf 83' lang='lat' dir='ltr'><strong>vendidit</strong></span> <span class='ocrx_word' id='word_1_190' title='bbox 1228 2119 1394 2182; x_wconf 84' lang='lat' dir='ltr'><strong>Christum</strong></span> <span class='ocrx_word' id='word_1_191' title='bbox 1420 2119 1589 2196; x_wconf 79' lang='lat' dir='ltr'><strong>significat</strong></span> <span class='ocrx_word' id='word_1_192' title='bbox 1615 2135 1672 2181; x_wconf 89' lang='lat' dir='ltr'><strong>eos</strong></span> <span class='ocrx_word' id='word_1_193' title='bbox 1698 2117 1756 2197; x_wconf 90' lang='lat' dir='ltr'><strong>qui</strong></span> 
     </span>
     <span class='ocr_line' id='line_1_20' title="bbox 101 2215 1756 2296; baseline 0 -19"><span class='ocrx_word' id='word_1_194' title='bbox 101 2215 173 2277; x_wconf 86' lang='lat' dir='ltr'><strong>tum</strong></span> <span class='ocrx_word' id='word_1_195' title='bbox 201 2217 342 2278; x_wconf 88' lang='lat' dir='ltr'><strong>rationis</strong></span> <span class='ocrx_word' id='word_1_196' title='bbox 367 2219 502 2294; x_wconf 87' lang='lat' dir='ltr'><strong>propter</strong></span> <span class='ocrx_word' id='word_1_197' title='bbox 524 2218 662 2278; x_wconf 88' lang='lat' dir='ltr'><strong>nimiam</strong></span> <span class='ocrx_word' id='word_1_198' title='bbox 683 2216 903 2289; x_wconf 83' lang='lat' dir='ltr'><strong>saturitatem,</strong></span> <span class='ocrx_word' id='word_1_199' title='bbox 958 2218 1093 2293; x_wconf 84' lang='lat' dir='ltr'><strong>propter</strong></span> <span class='ocrx_word' id='word_1_200' title='bbox 1113 2218 1289 2294; x_wconf 90' lang='lat' dir='ltr'><strong>pecuniam</strong></span> <span class='ocrx_word' id='word_1_201' title='bbox 1309 2218 1457 2280; x_wconf 81' lang='lat' dir='ltr'><strong>rendunt</strong></span> <span class='ocrx_word' id='word_1_202' title='bbox 1474 2217 1651 2296; x_wconf 88' lang='lat' dir='ltr'><strong>justitiam,</strong></span> <span class='ocrx_word' id='word_1_203' title='bbox 1678 2216 1756 2295; x_wconf 92' lang='lat' dir='ltr'><strong>quia</strong></span> 
     </span>
    </p>
   </div>
   <div class='ocr_carea' id='block_1_3' title="bbox 474 296 1389 379">
    <p class='ocr_par' dir='ltr' id='par_1_3' title="bbox 474 296 1389 379">
     <span class='ocr_line' id='line_1_21' title="bbox 474 296 1389 379; baseline 0 -14"><span class='ocrx_word' id='word_1_204' title='bbox 474 300 520 366; x_wconf 91' lang='lat' dir='ltr'><strong>IN</strong></span> <span class='ocrx_word' id='word_1_205' title='bbox 541 301 672 364; x_wconf 86' lang='lat' dir='ltr'><strong>MEDIO</strong></span> <span class='ocrx_word' id='word_1_206' title='bbox 694 301 1050 375; x_wconf 75' lang='lat' dir='ltr'><strong>QUADRAGESIMAE,</strong></span> <span class='ocrx_word' id='word_1_207' title='bbox 1072 303 1199 367; x_wconf 70' lang='lat' dir='ltr'><strong>annin</strong></span> <span class='ocrx_word' id='word_1_208' title='bbox 1220 296 1389 379; x_wconf 78' lang='lat' dir='ltr'><strong>QUINTA.</strong></span> 
     </span>
    </p>
   </div>
   <div class='ocr_carea' id='block_1_4' title="bbox 100 2313 1759 4819">
    <p class='ocr_par' dir='ltr' id='par_1_4' title="bbox 100 2313 1759 4526">
     <span class='ocr_line' id='line_1_22' title="bbox 101 2313 1757 2392; baseline 0.001 -18"><span class='ocrx_word' id='word_1_209' title='bbox 101 2313 137 2375; x_wconf 86' lang='lat' dir='ltr'><strong>et</strong></span> <span class='ocrx_word' id='word_1_210' title='bbox 180 2313 258 2376; x_wconf 90' lang='lat' dir='ltr'><strong>ideo</strong></span> <span class='ocrx_word' id='word_1_211' title='bbox 297 2313 419 2376; x_wconf 92' lang='lat' dir='ltr'><strong>dicitur</strong></span> <span class='ocrx_word' id='word_1_212' title='bbox 451 2313 622 2374; x_wconf 89' lang='lat' dir='ltr'><strong>tribulatio</strong></span> <span class='ocrx_word' id='word_1_213' title='bbox 662 2314 902 2389; x_wconf 84' lang='lat' dir='ltr'><strong>coangustans,</strong></span> <span class='ocrx_word' id='word_1_214' title='bbox 959 2314 1109 2377; x_wconf 77' lang='lat' dir='ltr'><strong>Christus</strong></span> <span class='ocrx_word' id='word_1_215' title='bbox 1126 2314 1258 2392; x_wconf 83' lang='lat' dir='ltr'><strong>justitia</strong></span> <span class='ocrx_word' id='word_1_216' title='bbox 1286 2316 1347 2377; x_wconf 90' lang='lat' dir='ltr'><strong>est.</strong></span> <span class='ocrx_word' id='word_1_217' title='bbox 1370 2316 1464 2378; x_wconf 89' lang='lat' dir='ltr'><strong>Unde</strong></span> <span class='ocrx_word' id='word_1_218' title='bbox 1484 2315 1614 2377; x_wconf 82' lang='lat' dir='ltr'><strong>David:</strong></span> <span class='ocrx_word' id='word_1_219' title='bbox 1636 2315 1757 2376; x_wconf 80' lang='lat' dir='ltr'><strong>Jttstus</strong></span> 
     </span>
     <span class='ocr_line' id='line_1_23' title="bbox 100 2409 1756 2493; baseline 0 -22"><span class='ocrx_word' id='word_1_220' title='bbox 100 2410 184 2488; x_wconf 87' lang='lat' dir='ltr'><strong>quia</strong></span> <span class='ocrx_word' id='word_1_221' title='bbox 211 2411 368 2487; x_wconf 86' lang='lat' dir='ltr'><strong>angustat</strong></span> <span class='ocrx_word' id='word_1_222' title='bbox 400 2409 546 2471; x_wconf 86' lang='lat' dir='ltr'><strong>animam</strong></span> <span class='ocrx_word' id='word_1_223' title='bbox 572 2410 677 2471; x_wconf 80' lang='lat' dir='ltr'><strong>variis</strong></span> <span class='ocrx_word' id='word_1_224' title='bbox 711 2409 904 2471; x_wconf 87' lang='lat' dir='ltr'><strong>criminibus</strong></span> <span class='ocrx_word' id='word_1_225' title='bbox 958 2415 1126 2474; x_wconf 79' lang='lat' dir='ltr'><strong>Dominus</strong></span> <span class='ocrx_word' id='word_1_226' title='bbox 1139 2413 1317 2486; x_wconf 77' lang='lat' dir='ltr'><strong>justitiam</strong></span> <span class='ocrx_word' id='word_1_227' title='bbox 1334 2414 1456 2476; x_wconf 76' lang='lat' dir='ltr'><strong>duooett</strong></span> <span class='ocrx_word' id='word_1_228' title='bbox 1471 2416 1538 2493; x_wconf 84' lang='grc' dir='ltr'>(Ρο.</span> <span class='ocrx_word' id='word_1_229' title='bbox 1563 2412 1611 2486; x_wconf 88' lang='grc'><strong>10,</strong></span> <span class='ocrx_word' id='word_1_230' title='bbox 1627 2414 1677 2493; x_wconf 84' lang='grc'><strong>8);</strong></span> <span class='ocrx_word' id='word_1_231' title='bbox 1690 2411 1756 2472; x_wconf 83' lang='lat' dir='ltr'><strong>lae·-</strong></span> 
     </span>
     <span class='ocr_line' id='line_1_24' title="bbox 100 2505 1758 2588; baseline 0.001 -20"><span class='ocrx_word' id='word_1_232' title='bbox 100 2508 137 2569; x_wconf 91' lang='lat' dir='ltr'><strong>et</strong></span> <span class='ocrx_word' id='word_1_233' title='bbox 179 2505 463 2568; x_wconf 86' lang='lat' dir='ltr'><strong>tribulationibus.</strong></span> <span class='ocrx_word' id='word_1_234' title='bbox 503 2507 668 2585; x_wconf 81' lang='lat' dir='ltr'><strong>AEgyptus</strong></span> <span class='ocrx_word' id='word_1_235' title='bbox 702 2508 753 2568; x_wconf 88' lang='lat' dir='ltr'><strong>esi</strong></span> <span class='ocrx_word' id='word_1_236' title='bbox 785 2507 902 2581; x_wconf 77' lang='lat' dir='ltr'><strong>vitula,</strong></span> <span class='ocrx_word' id='word_1_237' title='bbox 959 2509 1041 2571; x_wconf 88' lang='lat' dir='ltr'><strong>dunt</strong></span> <span class='ocrx_word' id='word_1_238' title='bbox 1054 2510 1224 2587; x_wconf 81' lang='lat' dir='ltr'><strong>proximos</strong></span> <span class='ocrx_word' id='word_1_239' title='bbox 1246 2526 1334 2584; x_wconf 90' lang='lat' dir='ltr'><strong>suos,</strong></span> <span class='ocrx_word' id='word_1_240' title='bbox 1353 2510 1431 2588; x_wconf 90' lang='lat' dir='ltr'><strong>quia</strong></span> <span class='ocrx_word' id='word_1_241' title='bbox 1446 2520 1560 2573; x_wconf 86' lang='lat' dir='ltr'><strong>omnes</strong></span> <span class='ocrx_word' id='word_1_242' title='bbox 1580 2509 1660 2571; x_wconf 90' lang='lat' dir='ltr'><strong>boni</strong></span> <span class='ocrx_word' id='word_1_243' title='bbox 1681 2509 1758 2571; x_wconf 89' lang='lat' dir='ltr'><strong>sunt</strong></span> 
     </span>
     <span class='ocr_line' id='line_1_25' title="bbox 101 2603 1755 2682; baseline 0.002 -18"><span class='ocrx_word' id='word_1_244' title='bbox 101 2604 186 2682; x_wconf 87' lang='lat' dir='ltr'><strong>quia</strong></span> <span class='ocrx_word' id='word_1_245' title='bbox 199 2618 278 2665; x_wconf 89' lang='lat' dir='ltr'><strong>caro</strong></span> <span class='ocrx_word' id='word_1_246' title='bbox 293 2604 344 2665; x_wconf 89' lang='lat' dir='ltr'><strong>esi</strong></span> <span class='ocrx_word' id='word_1_247' title='bbox 358 2603 496 2680; x_wconf 81' lang='lat' dir='ltr'><strong>lasciva,</strong></span> <span class='ocrx_word' id='word_1_248' title='bbox 515 2605 646 2680; x_wconf 91' lang='lat' dir='ltr'><strong>quando</strong></span> <span class='ocrx_word' id='word_1_249' title='bbox 659 2605 711 2667; x_wconf 90' lang='lat' dir='ltr'><strong>est</strong></span> <span class='ocrx_word' id='word_1_250' title='bbox 725 2604 860 2682; x_wconf 80' lang='lat' dir='ltr'><strong>elegans</strong></span> <span class='ocrx_word' id='word_1_251' title='bbox 873 2606 905 2667; x_wconf 92' lang='lat' dir='ltr'><strong>et</strong></span> <span class='ocrx_word' id='word_1_252' title='bbox 959 2607 1105 2668; x_wconf 90' lang='lat' dir='ltr'><strong>membra</strong></span> <span class='ocrx_word' id='word_1_253' title='bbox 1119 2607 1253 2669; x_wconf 88' lang='lat' dir='ltr'><strong>Christi.</strong></span> <span class='ocrx_word' id='word_1_254' title='bbox 1280 2608 1319 2670; x_wconf 85' lang='lat' dir='ltr'><strong>Et</strong></span> <span class='ocrx_word' id='word_1_255' title='bbox 1345 2608 1432 2670; x_wconf 89' lang='lat' dir='ltr'><strong>sicut</strong></span> <span class='ocrx_word' id='word_1_256' title='bbox 1452 2608 1533 2670; x_wconf 88' lang='lat' dir='ltr'><strong>dicit</strong></span> <span class='ocrx_word' id='word_1_257' title='bbox 1553 2606 1755 2670; x_wconf 83' lang='lat' dir='ltr'><strong>Zacharias:</strong></span> 
     </span>
     <span class='ocr_line' id='line_1_26' title="bbox 101 2700 1757 2783; baseline 0.001 -20"><span class='ocrx_word' id='word_1_258' title='bbox 101 2700 263 2772; x_wconf 75' lang='lat' dir='ltr'><strong>formosa,</strong></span> <span class='ocrx_word' id='word_1_259' title='bbox 280 2700 377 2774; x_wconf 92' lang='lat' dir='ltr'><strong>idest,</strong></span> <span class='ocrx_word' id='word_1_260' title='bbox 399 2701 533 2779; x_wconf 87' lang='lat' dir='ltr'><strong>pinguis</strong></span> <span class='ocrx_word' id='word_1_261' title='bbox 556 2703 590 2764; x_wconf 92' lang='lat' dir='ltr'><strong>et</strong></span> <span class='ocrx_word' id='word_1_262' title='bbox 608 2702 759 2780; x_wconf 88' lang='lat' dir='ltr'><strong>pulchra.</strong></span> <span class='ocrx_word' id='word_1_263' title='bbox 785 2702 906 2765; x_wconf 86' lang='lat' dir='ltr'><strong>Stimu·</strong></span> <span class='ocrx_word' id='word_1_264' title='bbox 959 2706 1023 2771; x_wconf 81' lang='grc'><strong>901</strong></span> <span class='ocrx_word' id='word_1_265' title='bbox 1045 2705 1157 2782; x_wconf 73' lang='lat' dir='ltr'><strong>turigii</strong></span> <span class='ocrx_word' id='word_1_266' title='bbox 1175 2720 1244 2779; x_wconf 87' lang='lat' dir='ltr'><strong>eos,</strong></span> <span class='ocrx_word' id='word_1_267' title='bbox 1269 2706 1380 2783; x_wconf 73' lang='lat' dir='ltr'><strong>tangit</strong></span> <span class='ocrx_word' id='word_1_268' title='bbox 1397 2708 1565 2782; x_wconf 74' lang='lat' dir='ltr'><strong>pnpmom</strong></span> <span class='ocrx_word' id='word_1_269' title='bbox 1589 2707 1677 2767; x_wconf 82' lang='grc'>00011</span> <span class='ocrx_word' id='word_1_270' title='bbox 1693 2706 1757 2766; x_wconf 85' lang='lat' dir='ltr'><strong>Dei</strong></span> 
     </span>
     <span class='ocr_line' id='line_1_27' title="bbox 101 2797 1755 2880; baseline 0.001 -22"><span class='ocrx_word' id='word_1_271' title='bbox 101 2797 255 2861; x_wconf 89' lang='lat' dir='ltr'><strong>latorest</strong></span> <span class='ocrx_word' id='word_1_272' title='bbox 269 2798 410 2876; x_wconf 91' lang='lat' dir='ltr'><strong>quilibet</strong></span> <span class='ocrx_word' id='word_1_273' title='bbox 432 2800 598 2876; x_wconf 88' lang='lat' dir='ltr'><strong>malignus</strong></span> <span class='ocrx_word' id='word_1_274' title='bbox 620 2799 771 2877; x_wconf 88' lang='lat' dir='ltr'><strong>spiritus.</strong></span> <span class='ocrx_word' id='word_1_275' title='bbox 784 2801 903 2878; x_wconf 81' lang='lat' dir='ltr'><strong>Aquilo</strong></span> <span class='ocrx_word' id='word_1_276' title='bbox 959 2801 1067 2877; x_wconf 82' lang='lat' dir='ltr'><strong>(zach.</strong></span> <span class='ocrx_word' id='word_1_277' title='bbox 1084 2818 1120 2875; x_wconf 90' lang='grc'><strong>11,</strong></span> <span class='ocrx_word' id='word_1_278' title='bbox 1131 2800 1177 2880; x_wconf 89' lang='lat'><strong>8).</strong></span> <span class='ocrx_word' id='word_1_279' title='bbox 1194 2804 1317 2875; x_wconf 84' lang='lat' dir='ltr'><strong>Quarta</strong></span> <span class='ocrx_word' id='word_1_280' title='bbox 1325 2802 1416 2864; x_wconf 84' lang='lat' dir='ltr'><strong>febre</strong></span> <span class='ocrx_word' id='word_1_281' title='bbox 1426 2801 1624 2864; x_wconf 89' lang='lat' dir='ltr'><strong>tenebantur</strong></span> <span class='ocrx_word' id='word_1_282' title='bbox 1634 2799 1755 2862; x_wconf 86' lang='lat' dir='ltr'><strong>iratres</strong></span> 
     </span>
     <span class='ocr_line' id='line_1_28' title="bbox 101 2895 1758 2976; baseline 0.001 -19"><span class='ocrx_word' id='word_1_283' title='bbox 101 2898 155 2958; x_wconf 88' lang='lat' dir='ltr'><strong>est</strong></span> <span class='ocrx_word' id='word_1_284' title='bbox 184 2899 293 2974; x_wconf 86' lang='lat' dir='ltr'><strong>major</strong></span> <span class='ocrx_word' id='word_1_285' title='bbox 319 2895 482 2958; x_wconf 88' lang='lat' dir='ltr'><strong>diabolus.</strong></span> <span class='ocrx_word' id='word_1_286' title='bbox 515 2897 711 2959; x_wconf 79' lang='lat' dir='ltr'><strong>stimulator</strong></span> <span class='ocrx_word' id='word_1_287' title='bbox 742 2898 835 2960; x_wconf 81' lang='lat' dir='ltr'><strong>venit</strong></span> <span class='ocrx_word' id='word_1_288' title='bbox 862 2899 903 2960; x_wconf 87' lang='lat' dir='ltr'><strong>ab</strong></span> <span class='ocrx_word' id='word_1_289' title='bbox 957 2898 1091 2975; x_wconf 90' lang='lat' dir='ltr'><strong>Josepb,</strong></span> <span class='ocrx_word' id='word_1_290' title='bbox 1109 2899 1241 2976; x_wconf 94' lang='lat' dir='ltr'><strong>quando</strong></span> <span class='ocrx_word' id='word_1_291' title='bbox 1267 2916 1327 2976; x_wconf 90' lang='lat' dir='ltr'><strong>per</strong></span> <span class='ocrx_word' id='word_1_292' title='bbox 1356 2899 1517 2961; x_wconf 87' lang='lat' dir='ltr'><strong>invidiam</strong></span> <span class='ocrx_word' id='word_1_293' title='bbox 1536 2895 1758 2962; x_wconf 81' lang='lat' dir='ltr'><strong>vendiderunt</strong></span> 
     </span>
     <span class='ocr_line' id='line_1_29' title="bbox 101 2993 1755 3073; baseline 0 -18"><span class='ocrx_word' id='word_1_294' title='bbox 101 2993 273 3071; x_wconf 87' lang='lat' dir='ltr'><strong>aquilone,</strong></span> <span class='ocrx_word' id='word_1_295' title='bbox 288 2994 419 3071; x_wconf 86' lang='lat' dir='ltr'><strong>quando</strong></span> <span class='ocrx_word' id='word_1_296' title='bbox 435 2994 600 3071; x_wconf 86' lang='lat' dir='ltr'><strong>malignus</strong></span> <span class='ocrx_word' id='word_1_297' title='bbox 618 2994 754 3072; x_wconf 89' lang='lat' dir='ltr'><strong>spiritus</strong></span> <span class='ocrx_word' id='word_1_298' title='bbox 769 2997 904 3073; x_wconf 89' lang='lat' dir='ltr'><strong>propter</strong></span> <span class='ocrx_word' id='word_1_299' title='bbox 957 3010 1047 3070; x_wconf 84' lang='lat' dir='ltr'><strong>eum3</strong></span> <span class='ocrx_word' id='word_1_300' title='bbox 1058 2995 1177 3073; x_wconf 91' lang='lat' dir='ltr'><strong>quibus</strong></span> <span class='ocrx_word' id='word_1_301' title='bbox 1192 2997 1270 3057; x_wconf 89' lang='lat' dir='ltr'><strong>sunt</strong></span> <span class='ocrx_word' id='word_1_302' title='bbox 1284 2997 1410 3058; x_wconf 89' lang='lat' dir='ltr'><strong>similes</strong></span> <span class='ocrx_word' id='word_1_303' title='bbox 1423 3012 1537 3057; x_wconf 90' lang='lat' dir='ltr'><strong>omues</strong></span> <span class='ocrx_word' id='word_1_304' title='bbox 1553 2997 1610 3073; x_wconf 93' lang='lat' dir='ltr'><strong>qui</strong></span> <span class='ocrx_word' id='word_1_305' title='bbox 1622 3010 1682 3073; x_wconf 91' lang='lat' dir='ltr'><strong>per</strong></span> <span class='ocrx_word' id='word_1_306' title='bbox 1695 2995 1755 3055; x_wconf 92' lang='lat' dir='ltr'><strong>in-</strong></span> 
     </span>
     <span class='ocr_line' id='line_1_30' title="bbox 101 3090 1752 3169; baseline 0.001 -19"><span class='ocrx_word' id='word_1_307' title='bbox 101 3090 242 3151; x_wconf 83' lang='lat' dir='ltr'><strong>muliam</strong></span> <span class='ocrx_word' id='word_1_308' title='bbox 266 3091 473 3153; x_wconf 89' lang='lat' dir='ltr'><strong>saturitatem</strong></span> <span class='ocrx_word' id='word_1_309' title='bbox 493 3092 637 3154; x_wconf 87' lang='lat' dir='ltr'><strong>mittitur</strong></span> <span class='ocrx_word' id='word_1_310' title='bbox 657 3108 677 3153; x_wconf 90' lang='lat' dir='ltr'><strong>a</strong></span> <span class='ocrx_word' id='word_1_311' title='bbox 703 3092 835 3155; x_wconf 88' lang='lat' dir='ltr'><strong>diabolo</strong></span> <span class='ocrx_word' id='word_1_312' title='bbox 859 3094 900 3155; x_wconf 94' lang='lat' dir='ltr'><strong>ad</strong></span> <span class='ocrx_word' id='word_1_313' title='bbox 956 3091 1080 3153; x_wconf 73' lang='lat' dir='ltr'><strong>sidiam</strong></span> <span class='ocrx_word' id='word_1_314' title='bbox 1097 3093 1275 3154; x_wconf 87' lang='lat' dir='ltr'><strong>detrahunt</strong></span> <span class='ocrx_word' id='word_1_315' title='bbox 1291 3094 1349 3154; x_wconf 88' lang='lat' dir='ltr'><strong>aut</strong></span> <span class='ocrx_word' id='word_1_316' title='bbox 1362 3096 1484 3154; x_wconf 84' lang='lat' dir='ltr'><strong>nocent</strong></span> <span class='ocrx_word' id='word_1_317' title='bbox 1496 3093 1657 3169; x_wconf 83' lang='lat' dir='ltr'><strong>proximis</strong></span> <span class='ocrx_word' id='word_1_318' title='bbox 1670 3092 1752 3153; x_wconf 90' lang='lat' dir='ltr'><strong>suis.</strong></span> 
     </span>
     <span class='ocr_line' id='line_1_31' title="bbox 102 3187 1757 3267; baseline 0.001 -20"><span class='ocrx_word' id='word_1_319' title='bbox 102 3187 341 3249; x_wconf 87' lang='lat' dir='ltr'><strong>stimulandam</strong></span> <span class='ocrx_word' id='word_1_320' title='bbox 356 3204 491 3251; x_wconf 89' lang='lat' dir='ltr'><strong>carnem</strong></span> <span class='ocrx_word' id='word_1_321' title='bbox 513 3189 658 3250; x_wconf 90' lang='lat' dir='ltr'><strong>bominis</strong></span> <span class='ocrx_word' id='word_1_322' title='bbox 678 3206 738 3267; x_wconf 86' lang='lat' dir='ltr'><strong>per</strong></span> <span class='ocrx_word' id='word_1_323' title='bbox 749 3190 902 3252; x_wconf 88' lang='lat' dir='ltr'><strong>ardorem</strong></span> <span class='ocrx_word' id='word_1_324' title='bbox 958 3189 1052 3250; x_wconf 91' lang='lat' dir='ltr'><strong>Unde</strong></span> <span class='ocrx_word' id='word_1_325' title='bbox 1067 3189 1246 3250; x_wconf 86' lang='lat' dir='ltr'><strong>Psalmista</strong></span> <span class='ocrx_word' id='word_1_326' title='bbox 1261 3210 1268 3248; x_wconf 73' lang='grc' dir='ltr'><strong>ι</strong></span> <span class='ocrx_word' id='word_1_327' title='bbox 1282 3192 1395 3263; x_wconf 81' lang='lat' dir='ltr'><strong>Super</strong></span> <span class='ocrx_word' id='word_1_328' title='bbox 1406 3204 1464 3251; x_wconf 84' lang='lat' dir='ltr'><strong>eos</strong></span> <span class='ocrx_word' id='word_1_329' title='bbox 1475 3188 1595 3250; x_wconf 70' lang='lat' dir='ltr'><strong>comitii</strong></span> <span class='ocrx_word' id='word_1_330' title='bbox 1606 3191 1707 3266; x_wconf 73' lang='lat' dir='ltr'><strong>ignis,</strong></span> <span class='ocrx_word' id='word_1_331' title='bbox 1722 3188 1757 3249; x_wconf 87' lang='lat' dir='ltr'><strong>et</strong></span> 
     </span>
     <span class='ocr_line' id='line_1_32' title="bbox 108 3282 1756 3365; baseline 0.001 -21"><span class='ocrx_word' id='word_1_332' title='bbox 108 3283 269 3345; x_wconf 88' lang='lat' dir='ltr'><strong>libidinis.</strong></span> <span class='ocrx_word' id='word_1_333' title='bbox 295 3286 388 3347; x_wconf 88' lang='lat' dir='ltr'><strong>Unde</strong></span> <span class='ocrx_word' id='word_1_334' title='bbox 409 3286 513 3346; x_wconf 80' lang='lat' dir='ltr'><strong>Dauid</strong></span> <span class='ocrx_word' id='word_1_335' title='bbox 540 3306 548 3346; x_wconf 73' lang='grc' dir='ltr'><strong><em>ε</em></strong></span> <span class='ocrx_word' id='word_1_336' title='bbox 576 3289 640 3352; x_wconf 83' lang='lat' dir='ltr'><strong>Qui</strong></span> <span class='ocrx_word' id='word_1_337' title='bbox 661 3287 825 3347; x_wconf 77' lang='lat' dir='ltr'><strong>tribulant</strong></span> <span class='ocrx_word' id='word_1_338' title='bbox 846 3300 903 3348; x_wconf 85' lang='lat' dir='ltr'><strong>me</strong></span> <span class='ocrx_word' id='word_1_339' title='bbox 958 3282 1756 3365; x_wconf 57' lang='grc' dir='ltr'>00001001010001010(Ρο.51,9).181ιί000111-</span> 
     </span>
     <span class='ocr_line' id='line_1_33' title="bbox 107 3379 1756 3462; baseline 0 -20"><span class='ocrx_word' id='word_1_340' title='bbox 107 3382 328 3453; x_wconf 81' lang='lat' dir='ltr'><strong>eecnltobnnt,</strong></span> <span class='ocrx_word' id='word_1_341' title='bbox 359 3384 391 3442; x_wconf 83' lang='lat' dir='ltr'><strong>si</strong></span> <span class='ocrx_word' id='word_1_342' title='bbox 421 3382 536 3442; x_wconf 83' lang='lat' dir='ltr'><strong>moins</strong></span> <span class='ocrx_word' id='word_1_343' title='bbox 562 3384 663 3456; x_wconf 73' lang='grc'>111010</span> <span class='ocrx_word' id='word_1_344' title='bbox 684 3379 753 3461; x_wconf 85' lang='lat' dir='ltr'><strong>(Pe.</strong></span> <span class='ocrx_word' id='word_1_345' title='bbox 775 3384 828 3454; x_wconf 84' lang='lat'><strong>12,</strong></span> <span class='ocrx_word' id='word_1_346' title='bbox 856 3380 902 3462; x_wconf 85' lang='lat'><strong>5).</strong></span> <span class='ocrx_word' id='word_1_347' title='bbox 958 3380 1020 3453; x_wconf 91' lang='lat' dir='ltr'><strong>cet,</strong></span> <span class='ocrx_word' id='word_1_348' title='bbox 1045 3381 1192 3454; x_wconf 87' lang='lat' dir='ltr'><strong>invidiae,</strong></span> <span class='ocrx_word' id='word_1_349' title='bbox 1218 3381 1467 3457; x_wconf 82' lang='lat' dir='ltr'><strong>indignationis,</strong></span> <span class='ocrx_word' id='word_1_350' title='bbox 1494 3383 1527 3444; x_wconf 89' lang='lat' dir='ltr'><strong>et</strong></span> <span class='ocrx_word' id='word_1_351' title='bbox 1561 3382 1640 3444; x_wconf 84' lang='lat' dir='ltr'><strong>odii.</strong></span> <span class='ocrx_word' id='word_1_352' title='bbox 1669 3382 1756 3444; x_wconf 88' lang='lat' dir='ltr'><strong>Nam</strong></span> 
     </span>
     <span class='ocr_line' id='line_1_34' title="bbox 104 3476 1755 3557; baseline 0.001 -19"><span class='ocrx_word' id='word_1_353' title='bbox 104 3478 145 3538; x_wconf 77' lang='lat' dir='ltr'><strong>nt</strong></span> <span class='ocrx_word' id='word_1_354' title='bbox 159 3478 341 3553; x_wconf 81' lang='lat' dir='ltr'><strong>Gregorius</strong></span> <span class='ocrx_word' id='word_1_355' title='bbox 358 3498 365 3537; x_wconf 75' lang='grc' dir='ltr'><strong><em>ε</em></strong></span> <span class='ocrx_word' id='word_1_356' title='bbox 388 3478 542 3539; x_wconf 78' lang='lat' dir='ltr'><strong>«Nullus</strong></span> <span class='ocrx_word' id='word_1_357' title='bbox 564 3477 598 3538; x_wconf 90' lang='lat' dir='ltr'><strong>in</strong></span> <span class='ocrx_word' id='word_1_358' title='bbox 622 3476 687 3539; x_wconf 86' lang='lat' dir='ltr'><strong>hac</strong></span> <span class='ocrx_word' id='word_1_359' title='bbox 709 3479 778 3541; x_wconf 86' lang='lat' dir='ltr'><strong>vita</strong></span> <span class='ocrx_word' id='word_1_360' title='bbox 793 3479 904 3556; x_wconf 85' lang='lat' dir='ltr'><strong>justo·</strong></span> <span class='ocrx_word' id='word_1_361' title='bbox 958 3478 1198 3555; x_wconf 61' lang='lat' dir='ltr'><strong>emanationis</strong></span> <span class='ocrx_word' id='word_1_362' title='bbox 1213 3482 1249 3540; x_wconf 87' lang='lat' dir='ltr'><strong>in</strong></span> <span class='ocrx_word' id='word_1_363' title='bbox 1263 3494 1438 3557; x_wconf 68' lang='lat' dir='ltr'><strong>mengono</strong></span> <span class='ocrx_word' id='word_1_364' title='bbox 1450 3482 1588 3552; x_wconf 75' lang='grc'>001010,</span> <span class='ocrx_word' id='word_1_365' title='bbox 1602 3480 1637 3542; x_wconf 85' lang='lat' dir='ltr'><strong>ct</strong></span> <span class='ocrx_word' id='word_1_366' title='bbox 1649 3479 1755 3553; x_wconf 75' lang='lat' dir='ltr'><strong>flam-</strong></span> 
     </span>
     <span class='ocr_line' id='line_1_35' title="bbox 101 3573 1757 3657; baseline 0.004 -23"><span class='ocrx_word' id='word_1_367' title='bbox 101 3589 179 3634; x_wconf 92' lang='lat' dir='ltr'><strong>rum</strong></span> <span class='ocrx_word' id='word_1_368' title='bbox 205 3573 297 3636; x_wconf 80' lang='lat' dir='ltr'><strong>venit</strong></span> <span class='ocrx_word' id='word_1_369' title='bbox 315 3574 372 3651; x_wconf 93' lang='lat' dir='ltr'><strong>qui</strong></span> <span class='ocrx_word' id='word_1_370' title='bbox 395 3590 462 3636; x_wconf 92' lang='lat' dir='ltr'><strong>non</strong></span> <span class='ocrx_word' id='word_1_371' title='bbox 486 3574 614 3652; x_wconf 87' lang='lat' dir='ltr'><strong>antiqui</strong></span> <span class='ocrx_word' id='word_1_372' title='bbox 631 3575 737 3637; x_wconf 89' lang='lat' dir='ltr'><strong>hostis</strong></span> <span class='ocrx_word' id='word_1_373' title='bbox 761 3576 903 3637; x_wconf 89' lang='lat' dir='ltr'><strong>insidias</strong></span> <span class='ocrx_word' id='word_1_374' title='bbox 957 3591 1015 3637; x_wconf 82' lang='grc'><strong>001</strong></span> <span class='ocrx_word' id='word_1_375' title='bbox 1032 3576 1216 3639; x_wconf 81' lang='lat' dir='ltr'><strong>combussit</strong></span> <span class='ocrx_word' id='word_1_376' title='bbox 1229 3577 1431 3651; x_wconf 80' lang='lat' dir='ltr'><strong>peccatores</strong></span> <span class='ocrx_word' id='word_1_377' title='bbox 1455 3573 1524 3656; x_wconf 88' lang='lat' dir='ltr'><strong>(Ps.</strong></span> <span class='ocrx_word' id='word_1_378' title='bbox 1551 3576 1757 3657; x_wconf 79' lang='lat' dir='ltr'><strong>105,18).Et</strong></span> 
     </span>
     <span class='ocr_line' id='line_1_36' title="bbox 103 3670 1754 3751; baseline 0.005 -21"><span class='ocrx_word' id='word_1_379' title='bbox 103 3686 225 3747; x_wconf 87' lang='lat' dir='ltr'><strong>passus</strong></span> <span class='ocrx_word' id='word_1_380' title='bbox 248 3671 291 3733; x_wconf 90' lang='lat' dir='ltr'><strong>sit</strong></span> <span class='ocrx_word' id='word_1_381' title='bbox 314 3688 343 3730; x_wconf 72' lang='lat' dir='ltr'><strong>n.</strong></span> <span class='ocrx_word' id='word_1_382' title='bbox 364 3670 449 3732; x_wconf 78' lang='lat' dir='ltr'><strong>Gula</strong></span> <span class='ocrx_word' id='word_1_383' title='bbox 470 3671 620 3734; x_wconf 83' lang='lat' dir='ltr'><strong>debilitat</strong></span> <span class='ocrx_word' id='word_1_384' title='bbox 639 3672 806 3746; x_wconf 81' lang='lat' dir='ltr'><strong>virtutem,</strong></span> <span class='ocrx_word' id='word_1_385' title='bbox 825 3675 903 3751; x_wconf 88' lang='lat' dir='ltr'><strong>qula</strong></span> <span class='ocrx_word' id='word_1_386' title='bbox 959 3673 1115 3734; x_wconf 88' lang='lat' dir='ltr'><strong>Salomon</strong></span> <span class='ocrx_word' id='word_1_387' title='bbox 1132 3694 1139 3732; x_wconf 91' lang='lat'>:</span> <span class='ocrx_word' id='word_1_388' title='bbox 1155 3676 1194 3737; x_wconf 84' lang='lat' dir='ltr'><strong>Si</strong></span> <span class='ocrx_word' id='word_1_389' title='bbox 1210 3674 1369 3736; x_wconf 84' lang='lat' dir='ltr'><strong>mordeat</strong></span> <span class='ocrx_word' id='word_1_390' title='bbox 1390 3689 1536 3751; x_wconf 83' lang='lat' dir='ltr'><strong>serpens</strong></span> <span class='ocrx_word' id='word_1_391' title='bbox 1549 3677 1586 3736; x_wconf 86' lang='grc'><strong>10</strong></span> <span class='ocrx_word' id='word_1_392' title='bbox 1606 3677 1754 3747; x_wconf 83' lang='lat' dir='ltr'><strong>silentio,</strong></span> 
     </span>
     <span class='ocr_line' id='line_1_37' title="bbox 104 3767 1755 3846; baseline 0.005 -19"><span class='ocrx_word' id='word_1_393' title='bbox 104 3767 257 3829; x_wconf 89' lang='lat' dir='ltr'><strong>homines</strong></span> <span class='ocrx_word' id='word_1_394' title='bbox 283 3768 423 3830; x_wconf 89' lang='lat' dir='ltr'><strong>mulium</strong></span> <span class='ocrx_word' id='word_1_395' title='bbox 449 3770 659 3832; x_wconf 88' lang='lat' dir='ltr'><strong>comedentes</strong></span> <span class='ocrx_word' id='word_1_396' title='bbox 695 3786 833 3833; x_wconf 89' lang='lat' dir='ltr'><strong>necesse</strong></span> <span class='ocrx_word' id='word_1_397' title='bbox 853 3772 904 3833; x_wconf 87' lang='lat' dir='ltr'><strong>est</strong></span> <span class='ocrx_word' id='word_1_398' title='bbox 957 3773 1102 3832; x_wconf 78' lang='grc'>01111100</span> <span class='ocrx_word' id='word_1_399' title='bbox 1129 3774 1247 3833; x_wconf 79' lang='lat' dir='ltr'><strong>minus</strong></span> <span class='ocrx_word' id='word_1_400' title='bbox 1268 3773 1368 3834; x_wconf 83' lang='lat' dir='ltr'><strong>babet</strong></span> <span class='ocrx_word' id='word_1_401' title='bbox 1392 3775 1450 3846; x_wconf 82' lang='lat' dir='ltr'><strong>qni</strong></span> <span class='ocrx_word' id='word_1_402' title='bbox 1482 3773 1608 3835; x_wconf 74' lang='lat' dir='ltr'><strong>occidte</strong></span> <span class='ocrx_word' id='word_1_403' title='bbox 1632 3774 1755 3836; x_wconf 78' lang='lat' dir='ltr'><strong>deiro-</strong></span> 
     </span>
     <span class='ocr_line' id='line_1_38' title="bbox 107 3864 1758 3949; baseline 0.005 -24"><span class='ocrx_word' id='word_1_404' title='bbox 107 3881 180 3926; x_wconf 89' lang='lat' dir='ltr'><strong>esse</strong></span> <span class='ocrx_word' id='word_1_405' title='bbox 204 3864 342 3937; x_wconf 89' lang='lat' dir='ltr'><strong>debiles,</strong></span> <span class='ocrx_word' id='word_1_406' title='bbox 370 3866 449 3943; x_wconf 90' lang='lat' dir='ltr'><strong>quia</strong></span> <span class='ocrx_word' id='word_1_407' title='bbox 478 3882 598 3943; x_wconf 88' lang='lat' dir='ltr'><strong>magna</strong></span> <span class='ocrx_word' id='word_1_408' title='bbox 621 3867 760 3930; x_wconf 85' lang='lat' dir='ltr'><strong>sarcina</strong></span> <span class='ocrx_word' id='word_1_409' title='bbox 776 3869 902 3930; x_wconf 81' lang='lat' dir='ltr'><strong>ventris</strong></span> <span class='ocrx_word' id='word_1_410' title='bbox 956 3869 1070 3930; x_wconf 83' lang='lat' dir='ltr'><strong>bii.....</strong></span> <span class='ocrx_word' id='word_1_411' title='bbox 1088 3864 1189 3947; x_wconf 88' lang='lat' dir='ltr'><strong>(Eccl.</strong></span> <span class='ocrx_word' id='word_1_412' title='bbox 1206 3885 1239 3941; x_wconf 82' lang='lat' dir='ltr'><strong>x,</strong></span> <span class='ocrx_word' id='word_1_413' title='bbox 1258 3867 1322 3949; x_wconf 91' lang='grc'>11).</span> <span class='ocrx_word' id='word_1_414' title='bbox 1342 3870 1443 3941; x_wconf 85' lang='lat' dir='ltr'><strong>Quasi</strong></span> <span class='ocrx_word' id='word_1_415' title='bbox 1467 3870 1591 3933; x_wconf 89' lang='lat' dir='ltr'><strong>diceret</strong></span> <span class='ocrx_word' id='word_1_416' title='bbox 1611 3874 1758 3934; x_wconf 76' lang='lat' dir='ltr'><strong>betros-</strong></span> 
     </span>
     <span class='ocr_line' id='line_1_39' title="bbox 105 3963 1757 4043; baseline 0.004 -20"><span class='ocrx_word' id='word_1_417' title='bbox 105 3963 298 4039; x_wconf 82' lang='lat' dir='ltr'><strong>gravaniur.</strong></span> <span class='ocrx_word' id='word_1_418' title='bbox 316 3964 410 4025; x_wconf 92' lang='lat' dir='ltr'><strong>Unde</strong></span> <span class='ocrx_word' id='word_1_419' title='bbox 420 3965 673 4027; x_wconf 77' lang='lat' dir='ltr'><strong>Ecclesiasticus</strong></span> <span class='ocrx_word' id='word_1_420' title='bbox 688 3986 696 4025; x_wconf 73' lang='grc' dir='ltr'><strong>ε</strong></span> <span class='ocrx_word' id='word_1_421' title='bbox 712 3969 837 4028; x_wconf 84' lang='lat' dir='ltr'><strong>Melior</strong></span> <span class='ocrx_word' id='word_1_422' title='bbox 850 3968 903 4028; x_wconf 85' lang='lat' dir='ltr'><strong>est</strong></span> <span class='ocrx_word' id='word_1_423' title='bbox 958 3966 1079 4038; x_wconf 82' lang='lat' dir='ltr'><strong>torem,</strong></span> <span class='ocrx_word' id='word_1_424' title='bbox 1097 3966 1194 4043; x_wconf 86' lang='lat' dir='ltr'><strong>quasi</strong></span> <span class='ocrx_word' id='word_1_425' title='bbox 1219 3981 1359 4043; x_wconf 90' lang='lat' dir='ltr'><strong>serpens</strong></span> <span class='ocrx_word' id='word_1_426' title='bbox 1381 3967 1510 4028; x_wconf 92' lang='lat' dir='ltr'><strong>occulte</strong></span> <span class='ocrx_word' id='word_1_427' title='bbox 1525 3967 1691 4028; x_wconf 89' lang='lat' dir='ltr'><strong>mordens.</strong></span> <span class='ocrx_word' id='word_1_428' title='bbox 1710 3971 1757 4029; x_wconf 90' lang='lat' dir='ltr'><strong>De</strong></span> 
     </span>
     <span class='ocr_line' id='line_1_40' title="bbox 106 4060 1757 4142; baseline 0.004 -23"><span class='ocrx_word' id='word_1_429' title='bbox 106 4060 902 4136; x_wconf 63' lang='grc' dir='ltr'>0000010000,οτ101111001000,0000001000</span> <span class='ocrx_word' id='word_1_430' title='bbox 957 4062 1078 4139; x_wconf 90' lang='lat' dir='ltr'><strong>quibus</strong></span> <span class='ocrx_word' id='word_1_431' title='bbox 1101 4063 1304 4139; x_wconf 79' lang='lat' dir='ltr'><strong>Apostolus:</strong></span> <span class='ocrx_word' id='word_1_432' title='bbox 1329 4066 1488 4126; x_wconf 81' lang='lat' dir='ltr'><strong>Maledici</strong></span> <span class='ocrx_word' id='word_1_433' title='bbox 1515 4078 1662 4142; x_wconf 71' lang='grc'>1000001</span> <span class='ocrx_word' id='word_1_434' title='bbox 1690 4067 1757 4126; x_wconf 83' lang='lat' dir='ltr'><strong>Dei</strong></span> 
     </span>
     <span class='ocr_line' id='line_1_41' title="bbox 105 4144 1758 4239; baseline 0.004 -23"><span class='ocrx_word' id='word_1_435' title='bbox 105 4144 279 4218; x_wconf 79' lang='lat' dir='ltr'><strong>imbecillis</strong></span> <span class='ocrx_word' id='word_1_436' title='bbox 304 4153 406 4234; x_wconf 81' lang='lat' dir='ltr'><strong>(Eccl.</strong></span> <span class='ocrx_word' id='word_1_437' title='bbox 438 4172 520 4229; x_wconf 80' lang='lat' dir='ltr'><strong>xxx,</strong></span> <span class='ocrx_word' id='word_1_438' title='bbox 555 4155 620 4236; x_wconf 74' lang='grc'>14).</span> <span class='ocrx_word' id='word_1_439' title='bbox 646 4157 791 4218; x_wconf 82' lang='lat' dir='ltr'><strong>Diuitem</strong></span> <span class='ocrx_word' id='word_1_440' title='bbox 817 4158 903 4219; x_wconf 80' lang='lat' dir='ltr'><strong>dixit</strong></span> <span class='ocrx_word' id='word_1_441' title='bbox 956 4157 1451 4238; x_wconf 73' lang='lat' dir='ltr'><strong>nonpossidebuntssilonvr,</strong></span> <span class='ocrx_word' id='word_1_442' title='bbox 1468 4156 1758 4239; x_wconf 64' lang='grc'>101111000000-</span> 
     </span>
     <span class='ocr_line' id='line_1_42' title="bbox 106 4252 1759 4336; baseline 0.004 -25"><span class='ocrx_word' id='word_1_443' title='bbox 106 4265 177 4313; x_wconf 87' lang='lat' dir='ltr'><strong>esse</strong></span> <span class='ocrx_word' id='word_1_444' title='bbox 190 4252 345 4325; x_wconf 90' lang='lat' dir='ltr'><strong>debilem,</strong></span> <span class='ocrx_word' id='word_1_445' title='bbox 359 4254 438 4330; x_wconf 90' lang='lat' dir='ltr'><strong>quia</strong></span> <span class='ocrx_word' id='word_1_446' title='bbox 451 4254 592 4314; x_wconf 88' lang='lat' dir='ltr'><strong>mulium</strong></span> <span class='ocrx_word' id='word_1_447' title='bbox 605 4254 758 4327; x_wconf 90' lang='lat' dir='ltr'><strong>comedit,</strong></span> <span class='ocrx_word' id='word_1_448' title='bbox 774 4269 903 4331; x_wconf 89' lang='lat' dir='ltr'><strong>paupe-</strong></span> <span class='ocrx_word' id='word_1_449' title='bbox 956 4256 1041 4315; x_wconf 75' lang='lat' dir='ltr'><strong>mint</strong></span> <span class='ocrx_word' id='word_1_450' title='bbox 1066 4258 1161 4317; x_wconf 78' lang='lat' dir='ltr'><strong>itum</strong></span> <span class='ocrx_word' id='word_1_451' title='bbox 1181 4271 1247 4331; x_wconf 75' lang='lat' dir='ltr'><strong>pro</strong></span> <span class='ocrx_word' id='word_1_452' title='bbox 1269 4270 1311 4317; x_wconf 86' lang='lat' dir='ltr'><strong>eo</strong></span> <span class='ocrx_word' id='word_1_453' title='bbox 1332 4255 1429 4336; x_wconf 88' lang='lat' dir='ltr'><strong>(ibid.</strong></span> <span class='ocrx_word' id='word_1_454' title='bbox 1452 4272 1501 4319; x_wconf 89' lang='lat' dir='ltr'><strong>1v.</strong></span> <span class='ocrx_word' id='word_1_455' title='bbox 1528 4254 1595 4336; x_wconf 85' lang='grc'>39).</span> <span class='ocrx_word' id='word_1_456' title='bbox 1618 4257 1759 4332; x_wconf 87' lang='lat' dir='ltr'><strong>Propter</strong></span> 
     </span>
     <span class='ocr_line' id='line_1_43' title="bbox 105 4344 1753 4428; baseline 0.002 -20"><span class='ocrx_word' id='word_1_457' title='bbox 105 4362 173 4410; x_wconf 90' lang='lat' dir='ltr'><strong>rem</strong></span> <span class='ocrx_word' id='word_1_458' title='bbox 206 4349 336 4423; x_wconf 85' lang='grc'>1011010,</span> <span class='ocrx_word' id='word_1_459' title='bbox 372 4344 451 4427; x_wconf 86' lang='lat' dir='ltr'><strong>q&#39;uia</strong></span> <span class='ocrx_word' id='word_1_460' title='bbox 484 4364 602 4427; x_wconf 86' lang='lat' dir='ltr'><strong>parum</strong></span> <span class='ocrx_word' id='word_1_461' title='bbox 632 4351 784 4412; x_wconf 88' lang='lat' dir='ltr'><strong>comedit.</strong></span> <span class='ocrx_word' id='word_1_462' title='bbox 818 4352 902 4412; x_wconf 78' lang='lat' dir='ltr'><strong>Gula</strong></span> <span class='ocrx_word' id='word_1_463' title='bbox 958 4352 1165 4428; x_wconf 89' lang='lat' dir='ltr'><strong>peccatorem</strong></span> <span class='ocrx_word' id='word_1_464' title='bbox 1188 4351 1309 4427; x_wconf 89' lang='lat' dir='ltr'><strong>rogant</strong></span> <span class='ocrx_word' id='word_1_465' title='bbox 1328 4352 1451 4424; x_wconf 89' lang='lat' dir='ltr'><strong>Sancti,</strong></span> <span class='ocrx_word' id='word_1_466' title='bbox 1481 4353 1601 4427; x_wconf 86' lang='lat' dir='ltr'><strong>rogant</strong></span> <span class='ocrx_word' id='word_1_467' title='bbox 1623 4352 1753 4427; x_wconf 84' lang='lat' dir='ltr'><strong>Angeli,</strong></span> 
     </span>
     <span class='ocr_line' id='line_1_44' title="bbox 107 4444 1393 4526; baseline 0.002 -20"><span class='ocrx_word' id='word_1_468' title='bbox 107 4444 260 4508; x_wconf 89' lang='lat' dir='ltr'><strong>obscurat</strong></span> <span class='ocrx_word' id='word_1_469' title='bbox 282 4447 457 4520; x_wconf 88' lang='lat' dir='ltr'><strong>rationem,</strong></span> <span class='ocrx_word' id='word_1_470' title='bbox 475 4447 552 4524; x_wconf 93' lang='lat' dir='ltr'><strong>quia</strong></span> <span class='ocrx_word' id='word_1_471' title='bbox 573 4447 660 4508; x_wconf 87' lang='lat' dir='ltr'><strong>sicut</strong></span> <span class='ocrx_word' id='word_1_472' title='bbox 682 4447 764 4509; x_wconf 87' lang='lat' dir='ltr'><strong>dicit</strong></span> <span class='ocrx_word' id='word_1_473' title='bbox 779 4449 902 4509; x_wconf 88' lang='lat' dir='ltr'><strong>Hiero·</strong></span> <span class='ocrx_word' id='word_1_474' title='bbox 957 4464 1113 4526; x_wconf 89' lang='lat' dir='ltr'><strong>rogamus</strong></span> <span class='ocrx_word' id='word_1_475' title='bbox 1129 4448 1229 4510; x_wconf 89' lang='lat' dir='ltr'><strong>etiam</strong></span> <span class='ocrx_word' id='word_1_476' title='bbox 1243 4448 1393 4525; x_wconf 90' lang='lat' dir='ltr'><strong>nosipsi.</strong></span> 
     </span>
    </p>

    <p class='ocr_par' dir='ltr' id='par_1_5' title="bbox 106 4545 1759 4819">
     <span class='ocr_line' id='line_1_45' title="bbox 106 4545 1759 4623; baseline 0.003 -19"><span class='ocrx_word' id='word_1_477' title='bbox 106 4557 223 4621; x_wconf 83' lang='lat' dir='ltr'><strong>nymus</strong></span> <span class='ocrx_word' id='word_1_478' title='bbox 240 4566 248 4606; x_wconf 75' lang='grc' dir='ltr'><strong>ι</strong></span> <span class='ocrx_word' id='word_1_479' title='bbox 264 4546 431 4621; x_wconf 79' lang='lat' dir='ltr'><strong>«Pinguis</strong></span> <span class='ocrx_word' id='word_1_480' title='bbox 442 4548 560 4607; x_wconf 80' lang='lat' dir='ltr'><strong>venter</strong></span> <span class='ocrx_word' id='word_1_481' title='bbox 573 4561 638 4607; x_wconf 90' lang='lat' dir='ltr'><strong>non</strong></span> <span class='ocrx_word' id='word_1_482' title='bbox 651 4545 761 4621; x_wconf 86' lang='lat' dir='ltr'><strong>gignit</strong></span> <span class='ocrx_word' id='word_1_483' title='bbox 768 4547 902 4607; x_wconf 89' lang='lat' dir='ltr'><strong>tenuem</strong></span> <span class='ocrx_word' id='word_1_484' title='bbox 996 4547 1042 4609; x_wconf 82' lang='lat' dir='ltr'><strong>nt</strong></span> <span class='ocrx_word' id='word_1_485' title='bbox 1055 4547 1154 4608; x_wconf 84' lang='lat' dir='ltr'><strong>stans</strong></span> <span class='ocrx_word' id='word_1_486' title='bbox 1175 4560 1282 4621; x_wconf 80' lang='lat' dir='ltr'><strong>snper</strong></span> <span class='ocrx_word' id='word_1_487' title='bbox 1298 4560 1377 4606; x_wconf 84' lang='lat' dir='ltr'><strong>com</strong></span> <span class='ocrx_word' id='word_1_488' title='bbox 1398 4547 1584 4621; x_wconf 78' lang='lat' dir='ltr'><strong>imperavit</strong></span> <span class='ocrx_word' id='word_1_489' title='bbox 1600 4549 1700 4623; x_wconf 81' lang='lat' dir='ltr'><strong>sobri,</strong></span> <span class='ocrx_word' id='word_1_490' title='bbox 1723 4546 1759 4611; x_wconf 86' lang='lat' dir='ltr'><strong>et</strong></span> 
     </span>
     <span class='ocr_line' id='line_1_46' title="bbox 107 4640 1758 4717; baseline 0.003 -14"><span class='ocrx_word' id='word_1_491' title='bbox 107 4656 249 4704; x_wconf 86' lang='lat' dir='ltr'><strong>sensum.</strong></span> <span class='ocrx_word' id='word_1_492' title='bbox 273 4644 396 4704; x_wconf 84' lang='lat' dir='ltr'><strong>»Idem</strong></span> <span class='ocrx_word' id='word_1_493' title='bbox 422 4643 631 4706; x_wconf 89' lang='lat' dir='ltr'><strong>sentiendum</strong></span> <span class='ocrx_word' id='word_1_494' title='bbox 650 4644 692 4705; x_wconf 93' lang='lat' dir='ltr'><strong>de</strong></span> <span class='ocrx_word' id='word_1_495' title='bbox 713 4644 849 4705; x_wconf 83' lang='lat' dir='ltr'><strong>luxuria</strong></span> <span class='ocrx_word' id='word_1_496' title='bbox 869 4648 903 4707; x_wconf 90' lang='lat' dir='ltr'><strong>et</strong></span> <span class='ocrx_word' id='word_1_497' title='bbox 956 4645 1087 4708; x_wconf 82' lang='lat' dir='ltr'><strong>dimisit</strong></span> <span class='ocrx_word' id='word_1_498' title='bbox 1112 4647 1206 4706; x_wconf 74' lang='grc'>111010</span> <span class='ocrx_word' id='word_1_499' title='bbox 1220 4640 1311 4713; x_wconf 82' lang='lat' dir='ltr'><strong>(Luc.</strong></span> <span class='ocrx_word' id='word_1_500' title='bbox 1331 4658 1377 4716; x_wconf 82' lang='grc'><strong>11,</strong></span> <span class='ocrx_word' id='word_1_501' title='bbox 1392 4640 1456 4716; x_wconf 89' lang='grc'>39).</span> <span class='ocrx_word' id='word_1_502' title='bbox 1480 4643 1627 4717; x_wconf 81' lang='lat' dir='ltr'><strong>Quuatuor</strong></span> <span class='ocrx_word' id='word_1_503' title='bbox 1651 4645 1758 4708; x_wconf 89' lang='lat' dir='ltr'><strong>modis</strong></span> 
     </span>
     <span class='ocr_line' id='line_1_47' title="bbox 107 4736 1759 4819; baseline 0.004 -20"><span class='ocrx_word' id='word_1_504' title='bbox 107 4740 257 4813; x_wconf 88' lang='lat' dir='ltr'><strong>avaritia,</strong></span> <span class='ocrx_word' id='word_1_505' title='bbox 273 4742 307 4803; x_wconf 90' lang='lat' dir='ltr'><strong>et</strong></span> <span class='ocrx_word' id='word_1_506' title='bbox 318 4741 457 4802; x_wconf 83' lang='lat' dir='ltr'><strong>invidia.</strong></span> <span class='ocrx_word' id='word_1_507' title='bbox 479 4740 482 4745; x_wconf 82' lang='lat'>&#39;</span> <span class='ocrx_word' id='word_1_508' title='bbox 957 4744 1022 4804; x_wconf 87' lang='lat' dir='ltr'><strong>stat</strong></span> <span class='ocrx_word' id='word_1_509' title='bbox 1031 4742 1192 4803; x_wconf 85' lang='lat' dir='ltr'><strong>Dominus</strong></span> <span class='ocrx_word' id='word_1_510' title='bbox 1202 4756 1303 4818; x_wconf 88' lang='lat' dir='ltr'><strong>super</strong></span> <span class='ocrx_word' id='word_1_511' title='bbox 1310 4739 1454 4801; x_wconf 88' lang='lat' dir='ltr'><strong>animam</strong></span> <span class='ocrx_word' id='word_1_512' title='bbox 1466 4736 1694 4819; x_wconf 87' lang='lat' dir='ltr'><strong>peccatricem,</strong></span> <span class='ocrx_word' id='word_1_513' title='bbox 1705 4740 1759 4805; x_wconf 83' lang='grc'><strong>11-</strong></span> 
     </span>
    </p>
   </div>
   <div class='ocr_carea' id='block_1_5' title="bbox 108 4837 903 5694">
    <p class='ocr_par' dir='ltr' id='par_1_6' title="bbox 108 4837 903 5694">
     <span class='ocr_line' id='line_1_48' title="bbox 144 4837 900 4915; baseline 0.007 -18"><span class='ocrx_word' id='word_1_514' title='bbox 144 4838 257 4899; x_wconf 90' lang='lat' dir='ltr'><strong>Prima</strong></span> <span class='ocrx_word' id='word_1_515' title='bbox 276 4838 378 4911; x_wconf 88' lang='lat' dir='ltr'><strong>iebre,</strong></span> <span class='ocrx_word' id='word_1_516' title='bbox 399 4837 494 4910; x_wconf 87' lang='lat' dir='ltr'><strong>idest,</strong></span> <span class='ocrx_word' id='word_1_517' title='bbox 520 4839 597 4914; x_wconf 85' lang='lat' dir='ltr'><strong>gula</strong></span> <span class='ocrx_word' id='word_1_518' title='bbox 610 4838 788 4902; x_wconf 87' lang='lat' dir='ltr'><strong>tenebatur</strong></span> <span class='ocrx_word' id='word_1_519' title='bbox 801 4843 900 4915; x_wconf 86' lang='lat' dir='ltr'><strong>Esau,</strong></span> 
     </span>
     <span class='ocr_line' id='line_1_49' title="bbox 108 4935 901 5016; baseline 0.011 -24"><span class='ocrx_word' id='word_1_520' title='bbox 108 4935 237 5009; x_wconf 89' lang='lat' dir='ltr'><strong>quando</strong></span> <span class='ocrx_word' id='word_1_521' title='bbox 251 4938 384 5013; x_wconf 86' lang='lat' dir='ltr'><strong>propter</strong></span> <span class='ocrx_word' id='word_1_522' title='bbox 400 4936 593 4997; x_wconf 87' lang='lat' dir='ltr'><strong>lenticulam</strong></span> <span class='ocrx_word' id='word_1_523' title='bbox 608 4936 757 4998; x_wconf 81' lang='lat' dir='ltr'><strong>uendidit</strong></span> <span class='ocrx_word' id='word_1_524' title='bbox 772 4939 901 5016; x_wconf 88' lang='lat' dir='ltr'><strong>primo-</strong></span> 
     </span>
     <span class='ocr_line' id='line_1_50' title="bbox 108 5032 901 5112; baseline 0.009 -20"><span class='ocrx_word' id='word_1_525' title='bbox 108 5032 216 5105; x_wconf 88' lang='lat' dir='ltr'><strong>genita</strong></span> <span class='ocrx_word' id='word_1_526' title='bbox 238 5048 310 5105; x_wconf 90' lang='lat' dir='ltr'><strong>sua,</strong></span> <span class='ocrx_word' id='word_1_527' title='bbox 342 5033 439 5105; x_wconf 90' lang='lat' dir='ltr'><strong>idest,</strong></span> <span class='ocrx_word' id='word_1_528' title='bbox 474 5033 633 5094; x_wconf 90' lang='lat' dir='ltr'><strong>honorem</strong></span> <span class='ocrx_word' id='word_1_529' title='bbox 659 5034 901 5112; x_wconf 90' lang='lat' dir='ltr'><strong>primogenito-</strong></span> 
     </span>
     <span class='ocr_line' id='line_1_51' title="bbox 108 5131 903 5209; baseline 0.01 -22"><span class='ocrx_word' id='word_1_530' title='bbox 108 5142 189 5190; x_wconf 85' lang='lat' dir='ltr'><strong>rum.</strong></span> <span class='ocrx_word' id='word_1_531' title='bbox 229 5133 318 5191; x_wconf 85' lang='lat' dir='ltr'><strong>Esau</strong></span> <span class='ocrx_word' id='word_1_532' title='bbox 352 5131 505 5206; x_wconf 85' lang='lat' dir='ltr'><strong>designat</strong></span> <span class='ocrx_word' id='word_1_533' title='bbox 546 5132 699 5207; x_wconf 88' lang='lat' dir='ltr'><strong>gulosos,</strong></span> <span class='ocrx_word' id='word_1_534' title='bbox 731 5134 789 5209; x_wconf 96' lang='lat' dir='ltr'><strong>qui</strong></span> <span class='ocrx_word' id='word_1_535' title='bbox 820 5150 903 5195; x_wconf 91' lang='lat' dir='ltr'><strong>ven-</strong></span> 
     </span>
     <span class='ocr_line' id='line_1_52' title="bbox 110 5223 900 5306; baseline 0.009 -21"><span class='ocrx_word' id='word_1_536' title='bbox 110 5223 187 5289; x_wconf 92' lang='lat' dir='ltr'><strong>dunt</strong></span> <span class='ocrx_word' id='word_1_537' title='bbox 210 5229 431 5305; x_wconf 80' lang='lat' dir='ltr'><strong>primogenita</strong></span> <span class='ocrx_word' id='word_1_538' title='bbox 453 5245 514 5290; x_wconf 85' lang='lat' dir='ltr'><strong>sua</strong></span> <span class='ocrx_word' id='word_1_539' title='bbox 537 5230 673 5306; x_wconf 89' lang='lat' dir='ltr'><strong>propter</strong></span> <span class='ocrx_word' id='word_1_540' title='bbox 695 5230 900 5305; x_wconf 88' lang='lat' dir='ltr'><strong>lenticulam,</strong></span> 
     </span>
     <span class='ocr_line' id='line_1_53' title="bbox 109 5323 900 5404; baseline 0.013 -23"><span class='ocrx_word' id='word_1_541' title='bbox 109 5323 143 5383; x_wconf 91' lang='lat' dir='ltr'><strong>ut</strong></span> <span class='ocrx_word' id='word_1_542' title='bbox 163 5327 239 5387; x_wconf 87' lang='lat' dir='ltr'><strong>sunt</strong></span> <span class='ocrx_word' id='word_1_543' title='bbox 259 5326 309 5386; x_wconf 88' lang='lat' dir='ltr'><strong>illi</strong></span> <span class='ocrx_word' id='word_1_544' title='bbox 326 5325 424 5387; x_wconf 90' lang='lat' dir='ltr'><strong>hodie</strong></span> <span class='ocrx_word' id='word_1_545' title='bbox 436 5326 493 5402; x_wconf 92' lang='lat' dir='ltr'><strong>qui</strong></span> <span class='ocrx_word' id='word_1_546' title='bbox 507 5326 656 5388; x_wconf 90' lang='lat' dir='ltr'><strong>vendunt</strong></span> <span class='ocrx_word' id='word_1_547' title='bbox 668 5327 900 5404; x_wconf 86' lang='lat' dir='ltr'><strong>primogenita,</strong></span> 
     </span>
     <span class='ocr_line' id='line_1_54' title="bbox 109 5418 900 5500; baseline 0.014 -23"><span class='ocrx_word' id='word_1_548' title='bbox 109 5418 200 5493; x_wconf 89' lang='lat' dir='ltr'><strong>idest,</strong></span> <span class='ocrx_word' id='word_1_549' title='bbox 244 5422 472 5484; x_wconf 85' lang='lat' dir='ltr'><strong>haereditatem</strong></span> <span class='ocrx_word' id='word_1_550' title='bbox 512 5423 696 5499; x_wconf 85' lang='lat' dir='ltr'><strong>paternam,</strong></span> <span class='ocrx_word' id='word_1_551' title='bbox 734 5425 900 5500; x_wconf 82' lang='lat' dir='ltr'><strong>videlicet,</strong></span> 
     </span>
     <span class='ocr_line' id='line_1_55' title="bbox 108 5514 901 5596; baseline 0.011 -21"><span class='ocrx_word' id='word_1_552' title='bbox 108 5514 223 5589; x_wconf 88' lang='lat' dir='ltr'><strong>terras,</strong></span> <span class='ocrx_word' id='word_1_553' title='bbox 251 5520 378 5591; x_wconf 86' lang='lat' dir='ltr'><strong>vineas,</strong></span> <span class='ocrx_word' id='word_1_554' title='bbox 405 5519 531 5596; x_wconf 85' lang='lat' dir='ltr'><strong>palatia</strong></span> <span class='ocrx_word' id='word_1_555' title='bbox 564 5521 597 5581; x_wconf 92' lang='lat' dir='ltr'><strong>et</strong></span> <span class='ocrx_word' id='word_1_556' title='bbox 624 5521 702 5593; x_wconf 90' lang='lat' dir='ltr'><strong>alia,</strong></span> <span class='ocrx_word' id='word_1_557' title='bbox 736 5523 773 5584; x_wconf 89' lang='lat' dir='ltr'><strong>ut</strong></span> <span class='ocrx_word' id='word_1_558' title='bbox 798 5522 901 5584; x_wconf 88' lang='lat' dir='ltr'><strong>satis-</strong></span> 
     </span>
     <span class='ocr_line' id='line_1_56' title="bbox 111 5609 901 5694; baseline 0.015 -22"><span class='ocrx_word' id='word_1_559' title='bbox 111 5609 229 5679; x_wconf 81' lang='lat' dir='ltr'><strong>faciant</strong></span> <span class='ocrx_word' id='word_1_560' title='bbox 243 5616 364 5680; x_wconf 74' lang='lat' dir='ltr'><strong>ventri.</strong></span> <span class='ocrx_word' id='word_1_561' title='bbox 385 5616 443 5679; x_wconf 85' lang='lat' dir='ltr'><strong>Isti</strong></span> <span class='ocrx_word' id='word_1_562' title='bbox 457 5616 629 5694; x_wconf 83' lang='lat' dir='ltr'><strong>negligunt</strong></span> <span class='ocrx_word' id='word_1_563' title='bbox 647 5617 807 5682; x_wconf 88' lang='lat' dir='ltr'><strong>bonorem</strong></span> <span class='ocrx_word' id='word_1_564' title='bbox 822 5637 901 5684; x_wconf 90' lang='lat' dir='ltr'><strong>cor-</strong></span> 
     </span>
    </p>
   </div>
   <div class='ocr_carea' id='block_1_6' title="bbox 956 4837 1759 5501">
    <p class='ocr_par' dir='ltr' id='par_1_7' title="bbox 956 4837 1759 5501">
     <span class='ocr_line' id='line_1_57' title="bbox 957 4837 1759 4915; baseline 0.004 -13"><span class='ocrx_word' id='word_1_565' title='bbox 957 4839 1075 4902; x_wconf 89' lang='lat' dir='ltr'><strong>delicet</strong></span> <span class='ocrx_word' id='word_1_566' title='bbox 1086 4838 1229 4902; x_wconf 81' lang='lat' dir='ltr'><strong>offerens</strong></span> <span class='ocrx_word' id='word_1_567' title='bbox 1239 4838 1271 4899; x_wconf 92' lang='lat' dir='ltr'><strong>ei</strong></span> <span class='ocrx_word' id='word_1_568' title='bbox 1279 4837 1546 4901; x_wconf 87' lang='lat' dir='ltr'><strong>misericordiam</strong></span> <span class='ocrx_word' id='word_1_569' title='bbox 1558 4858 1664 4915; x_wconf 90' lang='lat' dir='ltr'><strong>suam,</strong></span> <span class='ocrx_word' id='word_1_570' title='bbox 1677 4857 1759 4904; x_wconf 91' lang='lat' dir='ltr'><strong>con-</strong></span> 
     </span>
     <span class='ocr_line' id='line_1_58' title="bbox 956 4935 1759 5017; baseline 0.002 -18"><span class='ocrx_word' id='word_1_571' title='bbox 956 4939 1067 5001; x_wconf 83' lang='lat' dir='ltr'><strong>serens</strong></span> <span class='ocrx_word' id='word_1_572' title='bbox 1082 4935 1236 5014; x_wconf 87' lang='lat' dir='ltr'><strong>gratiam,</strong></span> <span class='ocrx_word' id='word_1_573' title='bbox 1254 4937 1460 4998; x_wconf 89' lang='lat' dir='ltr'><strong>comminans</strong></span> <span class='ocrx_word' id='word_1_574' title='bbox 1476 4938 1509 4998; x_wconf 89' lang='lat' dir='ltr'><strong>ei</strong></span> <span class='ocrx_word' id='word_1_575' title='bbox 1524 4955 1666 5016; x_wconf 90' lang='lat' dir='ltr'><strong>poenam,</strong></span> <span class='ocrx_word' id='word_1_576' title='bbox 1679 4956 1759 5017; x_wconf 93' lang='lat' dir='ltr'><strong>pro-</strong></span> 
     </span>
     <span class='ocr_line' id='line_1_59' title="bbox 956 5033 1755 5110; baseline -0.001 -13"><span class='ocrx_word' id='word_1_577' title='bbox 956 5036 1090 5098; x_wconf 87' lang='lat' dir='ltr'><strong>mittens</strong></span> <span class='ocrx_word' id='word_1_578' title='bbox 1133 5034 1285 5110; x_wconf 87' lang='lat' dir='ltr'><strong>gloriam.</strong></span> <span class='ocrx_word' id='word_1_579' title='bbox 1326 5033 1430 5096; x_wconf 81' lang='grc'>011011</span> <span class='ocrx_word' id='word_1_580' title='bbox 1472 5036 1755 5110; x_wconf 90' lang='lat' dir='ltr'><strong>misericordiam,</strong></span> 
     </span>
     <span class='ocr_line' id='line_1_60' title="bbox 957 5131 1757 5212; baseline -0.001 -17"><span class='ocrx_word' id='word_1_581' title='bbox 957 5132 1090 5212; x_wconf 86' lang='lat' dir='ltr'><strong>quando</strong></span> <span class='ocrx_word' id='word_1_582' title='bbox 1113 5131 1250 5194; x_wconf 91' lang='lat' dir='ltr'><strong>dimittit</strong></span> <span class='ocrx_word' id='word_1_583' title='bbox 1270 5146 1330 5209; x_wconf 91' lang='lat' dir='ltr'><strong>per</strong></span> <span class='ocrx_word' id='word_1_584' title='bbox 1350 5133 1577 5211; x_wconf 87' lang='lat' dir='ltr'><strong>poenitentiam</strong></span> <span class='ocrx_word' id='word_1_585' title='bbox 1601 5134 1757 5195; x_wconf 78' lang='lat' dir='ltr'><strong>tmiversa</strong></span> 
     </span>
     <span class='ocr_line' id='line_1_61' title="bbox 957 5228 1757 5310; baseline -0.003 -17"><span class='ocrx_word' id='word_1_586' title='bbox 957 5232 1103 5310; x_wconf 87' lang='lat' dir='ltr'><strong>peccata.</strong></span> <span class='ocrx_word' id='word_1_587' title='bbox 1120 5230 1214 5292; x_wconf 88' lang='lat' dir='ltr'><strong>Unda</strong></span> <span class='ocrx_word' id='word_1_588' title='bbox 1229 5228 1379 5291; x_wconf 82' lang='lat' dir='ltr'><strong>Ezechiel</strong></span> <span class='ocrx_word' id='word_1_589' title='bbox 1397 5251 1405 5290; x_wconf 74' lang='grc' dir='ltr'><strong><em>ε</em></strong></span> <span class='ocrx_word' id='word_1_590' title='bbox 1421 5235 1465 5292; x_wconf 80' lang='lat' dir='ltr'><strong>ln</strong></span> <span class='ocrx_word' id='word_1_591' title='bbox 1478 5244 1689 5304; x_wconf 76' lang='lat' dir='ltr'><strong>quocumque</strong></span> <span class='ocrx_word' id='word_1_592' title='bbox 1702 5233 1757 5292; x_wconf 87' lang='lat' dir='ltr'><strong>die</strong></span> 
     </span>
     <span class='ocr_line' id='line_1_62' title="bbox 956 5320 1756 5406; baseline -0.004 -15"><span class='ocrx_word' id='word_1_593' title='bbox 956 5330 1116 5406; x_wconf 83' lang='lat' dir='ltr'><strong>peccator</strong></span> <span class='ocrx_word' id='word_1_594' title='bbox 1135 5342 1323 5390; x_wconf 72' lang='grc'>0010000100</span> <span class='ocrx_word' id='word_1_595' title='bbox 1349 5327 1458 5400; x_wconf 66' lang='lat' dir='ltr'><strong>petat</strong></span> <span class='ocrx_word' id='word_1_596' title='bbox 1483 5328 1518 5388; x_wconf 85' lang='lat' dir='ltr'><strong>et</strong></span> <span class='ocrx_word' id='word_1_597' title='bbox 1539 5320 1756 5402; x_wconf 79' lang='lat' dir='ltr'><strong>inpomiscet,</strong></span> 
     </span>
     <span class='ocr_line' id='line_1_63' title="bbox 957 5425 1759 5501; baseline -0.005 -11"><span class='ocrx_word' id='word_1_598' title='bbox 957 5430 1112 5491; x_wconf 80' lang='grc'>01001000</span> <span class='ocrx_word' id='word_1_599' title='bbox 1127 5425 1352 5501; x_wconf 78' lang='lat' dir='ltr'><strong>iniquitatum</strong></span> <span class='ocrx_word' id='word_1_600' title='bbox 1368 5425 1444 5496; x_wconf 72' lang='grc'>0101</span> <span class='ocrx_word' id='word_1_601' title='bbox 1461 5438 1531 5483; x_wconf 80' lang='lat' dir='ltr'><strong>oon</strong></span> <span class='ocrx_word' id='word_1_602' title='bbox 1551 5425 1759 5487; x_wconf 80' lang='lat' dir='ltr'><strong>recordabor</strong></span> 
     </span>
    </p>
   </div>
   <div class='ocr_carea' id='block_1_7' title="bbox 958 5518 1759 5702">
    <p class='ocr_par' dir='ltr' id='par_1_8' title="bbox 958 5518 1759 5702">
     <span class='ocr_line' id='line_1_64' title="bbox 958 5518 1756 5606; baseline -0.006 -18"><span class='ocrx_word' id='word_1_603' title='bbox 958 5524 1103 5606; x_wconf 72' lang='lat' dir='ltr'><strong>(Erech,</strong></span> <span class='ocrx_word' id='word_1_604' title='bbox 1122 5538 1220 5594; x_wconf 84' lang='lat' dir='ltr'><strong>xv111,</strong></span> <span class='ocrx_word' id='word_1_605' title='bbox 1241 5523 1291 5592; x_wconf 88' lang='lat'><strong>21,</strong></span> <span class='ocrx_word' id='word_1_606' title='bbox 1314 5518 1380 5597; x_wconf 83' lang='grc'>22).</span> <span class='ocrx_word' id='word_1_607' title='bbox 1398 5518 1531 5581; x_wconf 83' lang='lat' dir='ltr'><strong>Confert</strong></span> <span class='ocrx_word' id='word_1_608' title='bbox 1549 5520 1580 5581; x_wconf 93' lang='lat' dir='ltr'><strong>ei</strong></span> <span class='ocrx_word' id='word_1_609' title='bbox 1602 5521 1756 5596; x_wconf 89' lang='lat' dir='ltr'><strong>gratiam,</strong></span> 
     </span>
     <span class='ocr_line' id='line_1_65' title="bbox 958 5616 1759 5702; baseline -0.001 -16"><span class='ocrx_word' id='word_1_610' title='bbox 958 5622 1163 5702; x_wconf 87' lang='lat' dir='ltr'><strong>quandoper</strong></span> <span class='ocrx_word' id='word_1_611' title='bbox 1179 5617 1339 5697; x_wconf 86' lang='lat' dir='ltr'><strong>Spiritum</strong></span> <span class='ocrx_word' id='word_1_612' title='bbox 1354 5616 1512 5679; x_wconf 85' lang='lat' dir='ltr'><strong>Sanctum</strong></span> <span class='ocrx_word' id='word_1_613' title='bbox 1530 5617 1667 5697; x_wconf 77' lang='lat' dir='ltr'><strong>adjuvat</strong></span> <span class='ocrx_word' id='word_1_614' title='bbox 1684 5635 1759 5685; x_wconf 89' lang='lat' dir='ltr'><strong>eam</strong></span> 
     </span>
    </p>
   </div>
   <div class='ocr_carea' id='block_1_8' title="bbox 0 0 1986 6180">
    <p class='ocr_par' dir='ltr' id='par_1_9' title="bbox 0 0 1986 6180">
     <span class='ocr_line' id='line_1_66' title="bbox 0 0 1986 6180; baseline 0 0"><span class='ocrx_word' id='word_1_615' title='bbox 0 0 1986 6180; x_wconf 95' lang='lat' dir='ltr'><strong> </strong></span> 
     </span>
    </p>
   </div>
  </div>
 </body>
</html>
