3936 6182
116 340 174 401 533

153 500 189 560 lu
203 496 398 574 episcopatu
413 493 595 557 Arusiense
611 490 819 571 :Episcopus
834 493 910 571 ipse
929 491 944 514 ”

113 599 133 657 2
145 609 276 657 marcas
290 593 434 670 singulis
449 592 558 653 annis.

154 696 190 755 In
205 692 400 771 episcopatu
416 694 649 766 Straganense.

757 333 880 393 LIBER
901 330 1113 392 CENSUUM.

1227 517 1502 577 HIBERNIA
1569 580 1573 585 ,

1005 724 1165 799 Tempore
1180 720 1305 783 domini
1324 719 1465 797 Eugenii
1487 720 1533 781 lli
1548 721 1659 796 Papae,
1676 717 1764 779 facta

152 793 188 852 ln
203 790 399 868 episcopatu
412 788 632 864 Lincopense:
643 786 825 865 Episcopus
839 786 911 864 ipse
965 819 1244 881 estdivisioistius
1256 817 1427 880 Hiberniae
1438 817 1472 878 in
1485 818 1626 896 quatuor
1639 816 1765 878 metro-

116 890 150 950 ll
162 903 306 962 marcas,
326 889 360 951 et
379 886 420 949 de
434 884 576 963 singulis
599 884 697 947 annis
715 885 758 947 ad
781 885 910 964 pondus

114 984 370 1048 coloniensium.

152 1085 188 1145 In
200 1084 397 1163 episcopatu
412 1084 578 1148 scarensi

964 917 1068 995 poleS,
1082 916 1340 995 perconannen
1356 919 1577 992 Paperonum,
1593 914 1765 993 presbyte-

964 1031 1039 1075 rum
1062 1014 1267 1077 cardinalem
1290 1012 1386 1076 titulo
1404 1013 1518 1074 Sancti
1533 1011 1736 1075 Laurentii
1728 1027 1764 1079 ιιι

965 1114 1117 1186 Damaso,
1133 1111 1333 1189 Apostollcae
1357 1110 1453 1174 Sedis
1479 1110 1636 1187 legatum,
1651 1111 1719 1171 ut
1710 1126 1765 1170 rn-

150 1182 352 1252 Notandum,
365 1182 451 1261 qnod
473 1182 618 1262 singulae
642 1181 761 1244 domus
781 1179 910 1243 Sueoiae
964 1209 1068 1273 serius
1089 1210 1276 1273 adnotatur

113 1279 259 1358 singulos
301 1280 381 1344 dant
419 1279 576 1344 denarios
619 1279 761 1342 monetae
802 1278 910 1357 ipsius

113 1377 219 1438 terrae.

411 1514 470 1576 SC
477 1513 608 1576 orla,

148 1671 186 1730 In
201 1669 397 1749 episcopatu
410 1671 524 1735 Sancti
542 1671 695 1744 Andreae,
710 1671 767 1750 qui
780 1672 830 1733 cst
844 1670 909 1734 dc-

113 1766 191 1828 mini
205 1770 308 1847 Papae
323 1768 489 1831 :Ecclesia
500 1769 617 1832 Sancti
628 1769 762 1835 Thornae
777 1770 908 1848 Marty-

113 1863 159 1925 ris
170 1865 210 1926 de
223 1865 452 1938 Abberuthoe,
465 1866 667 1930 2bisantios.

148 1961 291 2025 abbatia
306 1963 347 2027 de
359 1965 539 2036 Londores,
552 1964 757 2028 2hisantios.

147 2058 290 2124 Abbatia
313 2062 353 2123 de
384 2064 526 2137 Kaelko,
543 2079 646 2125 unum
674 2079 824 2136 aureum,
854 2063 907 2126 vel

110 2154 191 2219 duos
207 2158 334 2222 solidos
345 2159 592 2238 sterlingorum.
608 2162 649 2223 Et
662 2160 832 2223 sciendum
846 2162 906 2235 est,

109 2255 195 2332 qnod
221 2271 345 2319 census
363 2258 438 2333 iste,
458 2261 496 2320 13
510 2274 598 2322 anno
615 2258 827 2336 pontificatus
849 2259 910 2321 do-

109 2353 191 2415 mini
207 2355 395 2417 innocentii
407 2358 455 2417 III
464 2359 564 2434 Papae
579 2356 696 2418 auctus
711 2356 771 2429 est,
790 2356 824 2417 et
834 2373 910 2417 mu-

105 2448 194 2511 tatus
210 2450 247 2512 in
266 2466 520 2515 unammarcam
536 2451 782 2530 sterlingorum,
802 2453 910 2516 eccle-

104 2544 166 2604 siae
191 2547 356 2607 Romanae
371 2546 469 2608 annis
488 2547 629 2624 singulis
643 2548 906 2625 persolvendam,

105 2655 166 2718 per
191 2643 372 2718 Hugonem
387 2644 597 2718 monachum,
614 2646 647 2707 et
664 2645 817 2708 nuntium
834 2662 908 2708 rno-

108 2738 251 2800 nasterii
261 2741 514 2817 praedicti,tunc
526 2742 613 2820 apud
629 2742 746 2805 sedem
760 2744 906 2820 Aposto-

109 2834 209 2897 licam
216 2836 443 2900 constitutum.

147 2935 185 2993 ln
200 2933 397 3012 episcopatu
411 2935 617 3009 clascuensi,
635 2937 691 3015 qui
716 2936 767 3000 est
780 2936 906 3001 demini

113 3032 229 3109 Papae:
244 3034 320 3109 Ipsa
347 3032 489 3095 ecclesia
503 3033 645 3110 singulis
660 3034 789 3097 annisS
810 3050 904 3097 mar-

114 3143 177 3189 cas.
364 3148 368 3149 ⁷

151 3224 291 3289 Abbatia
307 3229 439 3291 Sanctae
464 3228 581 3291 Mariae
595 3229 634 3292 de
648 3225 819 3294 Jedewrth
834 3231 906 3292 sin-

114 3323 194 3398 gulis
218 3324 319 3387 annis
345 3342 448 3388 unum
461 3326 720 3401 marabutinum‚
747 3328 779 3390 et
802 3345 905 3390 unum

115 3421 313 3499 canipulum.

148 3520 183 3580 In
197 3521 394 3599 episcopatu
405 3522 562 3583 candidae
576 3523 680 3596 casae,
697 3524 754 3599 qui
776 3524 827 3585 est
846 3522 907 3585 do-

114 3615 190 3677 mini
202 3620 316 3697 Papae.

148 3716 182 3774 ln
196 3716 393 3794 episcopatu
407 3715 689 3791 Dumicheldensi,
705 3715 761 3795 qui
780 3718 830 3781 est
845 3717 906 3781 do-

113 3809 187 3872 mini
198 3816 315 3897 Papa.

148 3910 181 3970 In
193 3911 390 3991 episcopatu
416 3911 678 3986 Dumblaniensi,
695 3913 752 3992 qui
776 3914 826 3976 est
839 3915 903 3977 do-

113 4004 188 4068 mini
203 4011 319 4088 Papae.

147 4105 182 4165 ln
196 4106 393 4186 episcopatu
406 4107 636 4183 Brechinensi,
647 4108 703 4187 qui
716 4109 767 4173 est
779 4109 904 4174 domini

114 4200 214 4280 Papae.

147 4301 182 4360 ln
196 4302 393 4381 episcopatu
416 4301 660 4376 Aberdonensi,
691 4304 747 4381 qui
773 4307 824 4369 est
845 4306 906 4368 do-

113 4396 186 4458 nini
197 4402 319 4479 Papae:
336 4400 514 4463 Willicrist
529 4417 640 4464 comes
655 4401 698 4461 de
708 4404 793 4484 Mar,
808 4405 829 4463 2
845 4420 904 4466 so-

114 4490 190 4556 lidos
203 4498 453 4574 sterlingorum,
475 4515 556 4575 quos
583 4497 680 4560 debet
694 4499 825 4562 mittere
847 4518 906 4578 per

117 4591 350 4671 Hospitalarios
364 4596 405 4658 de
426 4597 582 4659 mandato
596 4597 760 4660 iohannis
780 4597 820 4660 de
839 4600 904 4660 Sa-

118 4687 203 4753 lerno
217 4694 413 4764 cardinalis.

153 4789 295 4853 Ecclesia
323 4790 454 4854 Sanctae
485 4791 601 4854 Mariae
626 4792 667 4854 de
693 4793 903 4868 Munmusoh,

117 4885 263 4951 2solid0s
275 4890 521 4966 sterlingorum.

154 4984 390 5066 [aepiscopatu
404 4986 610 5061 Murenensi,
628 4988 685 5067 qui
705 4990 757 5052 est
779 4989 904 5052 domini

119 5079 219 5159 Papae.

154 5180 189 5240 ln
221 5184 413 5262 episcopatu
439 5182 745 5258 Rosmarchinensi,
773 5186 830 5263 qui
855 5187 906 5249 est

120 5271 234 5339 domini
248 5284 359 5357 Papae.

155 5371 188 5432 ln
202 5375 391 5456 episcopatu
405 5377 594 5448 catanensi,
618 5378 675 5456 qui
703 5378 903 5441 estdomini

121 5468 221 5547 Papae.

154 5568 189 5628 ln
203 5570 392 5650 episcopatu
406 5574 447 5634 de
457 5573 642 5651 Aregartol,
653 5574 709 5654 qui
718 5575 903 5638 estdomini

122 5663 224 5741 Papae.

1004 1321 1042 1380 In
1057 1316 1347 1395 archiepiscopatu
1361 1314 1624 1393 armachiae,qui
1635 1315 1685 1377 est
1697 1314 1762 1392 pri·

965 1432 1037 1480 mas
1051 1415 1153 1480 totius
1167 1413 1348 1477 Hiberniae.

1004 1526 1042 1585 In
1056 1522 1249 1601 episcopatu
1261 1520 1515 1583 connerinensi.

1004 1634 1042 1693 In
1053 1629 1245 1710 episcopatu
1260 1627 1300 1690 de
1312 1625 1578 1702 Dundalochglas
1591 1648 1599 1686 ε
1613 1625 1762 1688 Ecclesia

965 1729 1080 1792 Sancti
1102 1725 1234 1791 Patritii
1255 1725 1296 1788 de
1317 1727 1423 1797 Duno,
1441 1724 1612 1786 dimidiam
1630 1724 1762 1785 unciam

963 1843 1049 1889 auri.

978 1910 981 1917 ’
1003 1936 1040 1996 In
1064 1932 1259 2010 episcopatu
1278 1928 1569 2005 Lungundunensi
1585 1945 1592 1983 ι
1610 1927 1757 1989 Ecclesia

966 2032 1097 2094 Sanctae
1112 2030 1229 2092 Mariae
1243 2028 1284 2090 de
1294 2027 1445 2100 Luduno,
1461 2028 1501 2088 20
1520 2024 1644 2087 solidos
1665 2027 1754 2087 ster-

964 2130 1144 2207 lingorum.

1002 2236 1041 2297 In
1056 2233 1249 2312 episcopatu
1263 2230 1486 2294 cluaniraird.

1004 2334 1042 2393 ln
1054 2331 1247 2409 episcopatu
1257 2330 1298 2391 de
1310 2331 1497 2391 connanas.

1003 2432 1041 2491 ln
1056 2428 1250 2507 episcopatu
1264 2427 1305 2489 de
1317 2426 1504 2489 Ardachad.

1004 2529 1040 2589 In
1054 2526 1246 2605 episcopatu
1258 2525 1299 2587 de
1313 2523 1491 2588 Rathboth.

1003 2627 1040 2686 ln
1051 2622 1242 2702 episcopatu
1252 2622 1293 2684 de
1308 2622 1493 2697 Rathlarig.

1002 2725 1040 2783 ln
1055 2721 1249 2799 episcopatu
1259 2721 1300 2782 de
1312 2719 1495 2796 Damliagg.

1002 2822 1039 2880 ln
1054 2818 1246 2897 episcopatu
1260 2817 1300 2880 de
1314 2818 1448 2880 Darrilr.

1000 2919 1038 2978 In
1054 2916 1247 2994 episcopatu
1261 2914 1470 2977 Dublinensi.

1000 3017 1037 3076 ln
1050 3015 1243 3093 episcopatu
1255 3013 1296 3076 de
1307 3012 1532 3075 Glendalaclri.

1000 3115 1037 3173 ln
1053 3111 1245 3189 episcopatu
1259 3111 1300 3172 de
1313 3113 1411 3172 Earn.

1000 3212 1038 3271 In
1054 3210 1248 3288 episcopatu
1260 3207 1301 3269 de
1316 3207 1442 3268 cainic.

1000 3310 1038 3367 In
1051 3305 1244 3383 episcopatu
1258 3304 1299 3365 de
1315 3304 1407 3365 clen.

1000 3406 1038 3465 In
1054 3402 1246 3480 episcopatu
1262 3400 1302 3462 de
1315 3399 1508 3478 beldarac.

1001 3503 1038 3561 ln
1054 3498 1245 3577 episcopatu
1261 3497 1518 3560 cassellenensi.

1000 3600 1038 3659 ln
1053 3596 1246 3674 episcopatu
1260 3597 1301 3658 de
1316 3595 1576 3657 cendalverano.

1000 3699 1038 3756 In
1052 3695 1245 3773 episcopatu
1258 3694 1298 3756 de
1312 3693 1495 3756 Luninech.

955 3805 1038 3865 In
1053 3802 1245 3880 episcopatu
1224 3801 1307 3863 ude
1331 3800 1445 3863 Insula
1464 3800 1617 3878 cathay
1634 3801 1757 3879 Hospi-

959 3902 1026 3964 tale
1048 3899 1154 3962 sancti
1170 3899 1334 3963 Johannis
1358 3898 1582 3972 Dublinensis,
1599 3900 1757 3961 2solidos

959 3999 1211 4076 sterlingorum.

998 4109 1036 4168 Iu
1052 4105 1246 4183 episcopatu
1260 4105 1301 4167 de
1310 4104 1572 4168 cellumahrach.

999 4207 1036 4264 In
1051 4202 1246 4280 episcopatu
1258 4203 1298 4263 de
1312 4202 1464 4264 leecln.

995 4304 1033 4361 In
1046 4299 1242 4377 episcopatu
1254 4299 1504 4361 Deroscreensi.

999 4399 1037 4458 ln
1051 4396 1245 4474 episcopatu
1259 4396 1299 4458 de
1311 4395 1580 4457 Waltilordiano.

1000 4497 1037 4555 In
1050 4494 1243 4572 episcopatu
1256 4492 1296 4554 de
1307 4493 1448 4553 Lismor.

999 4595 1037 4654 In
1052 4591 1246 4669 episcopatu
1260 4590 1300 4651 de
1309 4590 1513 4651 Cluanvana.

1001 4693 1039 4751 ln
1054 4688 1247 4768 episcopatu
1261 4688 1302 4750 de
1316 4689 1468 4766 Forcaja.

1000 4792 1038 4850 lu
1050 4786 1243 4865 episcopatu
1252 4786 1293 4848 de
1306 4785 1512 4850 Rosailithir.

999 4889 1036 4949 In
1052 4885 1243 4967 episcopatu
1256 4884 1297 4947 de
1310 4883 1454 4948 ardfert.

999 4986 1036 5046 ln
1051 4984 1243 5062 episcopatu
1261 4983 1452 5047 Tuamensi.

1000 5085 1038 5145 In
1052 5082 1245 5160 episcopatu
1259 5081 1300 5144 de
1320 5084 1451 5159 Mageo.

998 5181 1036 5242 In
1049 5180 1242 5258 episcopatu
1256 5180 1430 5243 cellalaid.

999 5280 1036 5340 In
1051 5277 1244 5356 episcopatu
1259 5278 1506 5341 deResccmon.

998 5379 1035 5438 In
1052 5377 1245 5454 episcopatu
1259 5377 1300 5438 de
1313 5374 1517 5437 culvanfert.

998 5478 1036 5537 In
1051 5475 1244 5553 episcopatu
1256 5474 1297 5535 de
1308 5472 1433 5536 Achad.

999 5575 1036 5634 In
1051 5573 1243 5650 episcopatu
1257 5572 1298 5633 de
1309 5568 1454 5637 Conairi.

1002 5674 1040 5732 ln
1052 5670 1244 5748 episcopatu
1259 5668 1300 5729 de
1315 5664 1573 5733 celmunduach.
