3936 6192
186 242 246 305 los
798 239 975 303 uorvouu
996 240 1042 300 111
1063 242 1212 303 orani.
1772 247 1836 310 455
1966 272 1967 345 l

185 406 302 470 titutor
320 403 362 466 ab
381 402 581 467 Hadrianoi
605 405 696 480 Papa
712 400 916 479 impetrarat.
935 400 985 463 lta
1040 399 1127 473 tum,
1158 405 1273 465 dcoem
1299 406 1425 467 solidos
1455 405 1596 482 maenti
1623 410 1729 469 anuis
1755 408 1840 469 stn-
1966 360 1967 413 ἶ

186 503 449 568 vetustissimum
474 500 694 563 Bruuiatense
726 499 982 573 monasterium,
1037 501 1127 575 gutte
1147 514 1215 576 pro
1239 515 1345 563 ceusu
1372 504 1539 564 Roncanoe
1566 505 1730 566 &dacto
1753 519 1841 581 per-

186 601 273 683 quod
298 602 414 679 postea
434 598 645 678 episcopatus
667 597 785 669 evasit,
813 596 874 657 sub
901 597 984 674 ipsis
1038 595 1203 670 solvebat,
1224 597 1259 659 ut
1276 597 1418 661 babetur
1430 599 1467 660 in
1484 599 1559 662 Vita
1574 601 1691 662 sancti
1709 601 1841 664 Deicoli

185 697 412 778 Langobardis
430 695 577 774 regibus,
595 693 780 773 subjectum
801 694 905 756 luisse
925 694 982 756 vi·
1037 692 1177 757 abbatis.

185 798 281 861 detur
303 796 361 859 uni
389 799 548 876 Romanae
576 792 745 863 Ecclesia,
774 793 828 854 cui
846 805 982 853 censum
1076 792 1142 853 Cur
1172 806 1263 865 vero,
1296 795 1333 855 ut
1361 793 1506 867 aiebam,
1534 810 1612 857 rara
1645 796 1841 873 hujusmodi

184 895 361 975 quotannis
374 890 585 971 persolvebat
602 891 818 952 denariorum
839 889 924 962 octo,
949 889 983 952 et
1036 889 1232 965 pensionum
1253 891 1405 969 exempla
1428 892 1506 953 ante
1527 893 1687 955 Sanctum
1709 896 1843 970 Grego-

183 993 340 1055 candelas
360 992 455 1053 duas.
471 989 657 1051 Clarissimi
671 1004 801 1066 quoque
820 987 983 1049 Benedic-
1035 987 1123 1048 rium
1141 990 1200 1049 Vll
1222 990 1346 1066 Papam
1368 989 1404 1050 iu
1426 989 1613 1067 privilegiis
1634 992 1840 1068 spostolicae

182 1092 245 1154 tini
258 1107 276 1153 e
289 1088 552 1166 congregatione
567 1087 680 1149 Sancti
693 1086 813 1159 Mauri,
832 1084 982 1147 Martene
1036 1084 1142 1157 Sedis,
1156 1086 1190 1146 et
1203 1088 1318 1149 contra
1331 1084 1391 1148 sub
1406 1086 1476 1157 illo,
1492 1086 1592 1165 atque
1604 1086 1665 1148 sub
1678 1091 1752 1166 ejus
1764 1105 1841 1151 suc·

182 1193 216 1253 et
238 1188 372 1251 Durand
398 1187 435 1248 in
461 1190 623 1249 lucader.
652 1199 741 1246 novo
762 1183 978 1255 Aoecdotor,
1035 1182 1222 1243 cessoribus
1237 1182 1461 1261 frequentiora
1475 1184 1736 1256 commentitia
1750 1186 1840 1247 mibi

182 1288 261 1351 tom.
274 1289 299 1359 l,
312 1301 387 1364 pag.
400 1286 469 1356 170,
480 1282 605 1343 bullam
621 1283 741 1343 Leonis
752 1284 797 1344 IX
809 1280 978 1353 exhibent,
1034 1294 1137 1340 causa
1149 1276 1253 1342 luisse
1267 1280 1408 1343 videtur.
1423 1281 1559 1343 Scilicet
1573 1297 1646 1342 mos
1667 1281 1732 1344 suit
1750 1298 1840 1344 cen·

182 1401 242 1463 per
260 1399 360 1463 quam
379 1381 513 1443 circiter
530 1396 654 1442 annum
677 1380 756 1441 1050
776 1376 980 1441 Parthenonl
1035 1391 1108 1438 eum
1122 1377 1164 1439 iis
1185 1378 1395 1440 monasteriis
1418 1379 1452 1440 et
1476 1377 1629 1439 ecclesiis
1646 1379 1840 1456 imponere,

183 1484 379 1544 Sanctorum
405 1477 544 1540 Fabiani
574 1479 607 1539 et
638 1476 821 1539 Felicitatis
848 1475 883 1536 in
906 1474 980 1537 loco
1034 1489 1108 1553 quae
1124 1489 1260 1551 prorsus
1275 1476 1310 1536 in
1327 1477 1404 1552 jure
1419 1476 1532 1537 essent
1546 1479 1706 1538 Romanae
1725 1478 1841 1539 Eccle-

181 1578 321 1641 bndlow
339 1592 425 1655 pago
446 1574 619 1646 Helisatia,
643 1573 818 1651 privilegia
838 1572 981 1650 Aposto-
1034 1572 1104 1644 siae,
1121 1571 1233 1649 utpote
1245 1572 1353 1634 eidem
1367 1571 1454 1635 dono
1469 1571 1576 1634 dataa
1589 1572 1838 1647 fundatoribus,

179 1676 254 1739 licea
279 1675 373 1737 Sedis
395 1672 643 1743 confirmantur,
669 1686 709 1733 eo
732 1685 833 1732 onere
854 1669 980 1732 cousti-
1033 1669 1152 1731 aliisve
1162 1670 1322 1746 patronis,
1332 1670 1390 1731 aut
1400 1670 1443 1731 ab
1455 1670 1539 1747 ipsis
1549 1686 1638 1748 saepe
1646 1673 1838 1733 monacbis.

180 1775 263 1843 tuto,
277 1774 314 1834 ut
328 1769 505 1833 abbatissae
512 1769 789 1843 praeteriremus
802 1768 836 1831 ct
848 1782 979 1830 succes·
1032 1767 1272 1829 Monasterium
1291 1767 1534 1830 Bisuldunense
1553 1784 1655 1845 supra
1667 1784 1842 1832 memora-

180 1874 316 1935 serious
345 1869 477 1931 nostris
510 1866 710 1928 urrnuultter
741 1866 814 1927 tres
844 1879 979 1941 pannos
1031 1864 1101 1926 tum
1120 1865 1206 1927 Miro
1225 1865 1401 1944 episcopus
1422 1866 1648 1927 (larandensis
1661 1881 1722 1944 per
1735 1868 1838 1944 pagi-

179 1972 298 2041 tiueoa
325 1966 521 2039 Pontificult
539 1967 618 2026 aaut
638 1964 747 2038 aptos.
768 1963 871 2024 Iidem
890 1978 977 2040 quo·
1031 1977 1109 2022 uam
1124 1961 1312 2025 donationis
1329 1966 1488 2025 Romanae
1507 1958 1665 2024 Ecclesiae
1686 1964 1840 2025 tradide-

180 2082 244 2144 que
256 2063 422 2136 monachi,
436 2062 516 2123 tom.
533 2064 557 2134 l,
575 2076 650 2138 pag.
661 2062 732 2129 328,
746 2061 978 2135 varensem
1031 2061 1094 2131 rat,
1112 2060 1150 2121 ut
1163 2059 1214 2122 est
1230 2060 1266 2120 in
1286 2059 1378 2121 bulla
1398 2060 1483 2137 ipsa.
1504 2060 1619 2137 Itaque
1638 2060 1688 2121 uti
1709 2061 1839 2124 allodia

180 2165 246 2226 tor.
262 2160 474 2241 privilegium
492 2175 512 2220 a
535 2160 626 2236 Papa
648 2157 826 2219 Benedicto
841 2159 901 2218 vll
916 2172 977 2235 pro
1030 2156 1133 2217 alicui
1151 2157 1187 2218 iu
1213 2156 1454 2235 emphyteusim
1474 2157 1714 2231 concedentes,
1746 2174 1841 2235 prae-

178 2259 379 2323 monasterio
389 2256 624 2319 Bisulduneusi
634 2250 808 2317 exaratum
818 2254 975 2328 retulere,
1031 2254 1839 2333 scriberesolentcensumquotannispersolven-

178 2359 338 2437 scriptum
353 2372 441 2418 auno
455 2356 526 2415 978.
540 2353 589 2416 lbi
600 2352 755 2429 jubentur
764 2352 900 2414 abbates
911 2366 978 2427 per
1031 2351 1119 2424 dum,
1136 2352 1318 2428 insignum
1332 2352 1518 2429 praesertim
1538 2351 1656 2414 directi
1672 2352 1835 2415 dominii:

177 2459 329 2532 muamus
347 2468 458 2515 anuos
476 2455 625 2526 quinque
641 2453 766 2512 solidos
778 2454 977 2525 persolvere
1031 2448 1077 2511 ita
1092 2450 1125 2511 et
1139 2449 1341 2511 monasteria
1355 2449 1456 2527 atque
1474 2448 1637 2522 ecclesiae,
1655 2467 1731 2528 quae
1747 2451 1839 2513 allo-

177 2556 216 2615 lu
229 2567 372 2614 censum
384 2550 510 2613 Sancto
524 2548 690 2620 Petraei
707 2550 739 2609 st
750 2549 894 2608 minime
907 2561 976 2608 on·
1031 2546 1162 2608 diorum
1176 2546 1217 2607 ad
1236 2547 1343 2607 instar
1362 2549 1511 2608 Romano
1529 2547 1684 2609 Pontifici
1710 2548 1835 2611 donata

176 2651 315 2712 uuottm
334 2651 457 2710 ventre
481 2660 551 2707 nou
573 2644 729 2721 possum,
750 2643 977 2717 aduncatum
1031 2643 1072 2705 ad
1108 2644 1239 2722 plenam
1268 2643 1374 2722 ipsius
1398 2644 1594 2721 potestatem
1622 2644 1835 2722 spectabant,

176 2762 309 2809 anuum
336 2744 465 2820 uiginti
491 2745 614 2805 solidos
640 2741 851 2817 persolvunt.
881 2741 930 2803 Ita
957 2755 976 2804 e
1031 2741 1159 2820 quoties
1172 2740 1273 2803 alicui
1285 2740 1461 2803 incolenda
1471 2740 1733 2814 dimittebantur,
1746 2759 1835 2805 ceu-

176 2844 268 2907 bulla
291 2841 412 2904 Leonis
437 2842 513 2902 Vlll
542 2842 659 2916 Papae,
693 2838 828 2900 circiter
852 2853 976 2899 annum
1031 2855 1088 2899 sus
1102 2838 1206 2900 annui
1221 2837 1456 2914 obligationem
1470 2838 1835 2917 quodammodoparie·

175 2943 246 3013 964,
262 2941 341 3001 tom.
358 2940 414 3008 IV,
429 2935 812 2999 Marcomanniam
822 2935 978 3011 agnosci·
1030 2934 1120 2997 bant.
1135 2935 1257 2997 Chmta
1272 2935 1418 2996 nondum
1434 2935 1523 2997 edita
1537 2950 1608 2997 rem
1626 2936 1835 2999 luculentius

176 3036 262 3111 mus,
278 3036 516 3098 monasterium
535 3033 657 3096 Montis
676 3033 814 3110 Majoris
833 3033 869 3094 in
892 3036 978 3093 Pro-
1030 3032 1201 3094 indicabit
1221 3035 1302 3093 Eam
1316 3032 1404 3092 mihi·
1419 3032 1643 3109 suppeditavit
1661 3038 1832 3109 regestum

177 3135 288 3199 vincia
316 3134 440 3196 solidos
467 3134 510 3195 IV
535 3131 712 3209 quotannis
738 3145 798 3208 pro
823 3129 977 3193 libertate
1031 3131 1144 3193 Cencii
1158 3129 1366 3208 praelaudati.
1384 3129 1444 3191 llla
1457 3128 1548 3191 bunc
1560 3128 1695 3192 titulum
1709 3132 1834 3210 prare-

176 3234 354 3312 impetrata
377 3229 577 3310 persolvisse
595 3229 793 3307 Apostolicae
814 3227 902 3290 sedi.
928 3228 977 3290 lta
1031 3227 1149 3291 rebat:
1170 3229 1399 3303 Pmoucpiem
1412 3227 1530 3290 Sancti
1551 3229 1683 3289 Ctrtaci
1706 3231 1744 3289 tu
1763 3231 1834 3292 Ge-

178 3332 338 3393 Lutrense
364 3327 602 3392 monasterium
625 3326 749 3391 saeculo
769 3327 830 3389 vn
855 3324 975 3388 condi-
1031 3325 1174 3389 renuero
1187 3323 1454 3387 Albcrstateusts
1467 3325 1636 3387 dioecesis.

967 3639 1030 3733 111

445 3910 449 3915 ’
541 3892 820 3965 auricomas.
843 3899 982 3963 unolz
1002 3900 1111 3973 AEVI,
1135 3901 1237 3963 ΕΑΒ.
1259 3900 1459 3963 DISSERT.

217 4182 292 4244 Non
309 4197 361 4243 me
377 4180 460 4259 fugit
474 4181 598 4260 anglos
614 4182 805 4261 appellasse
819 4183 974 4247 Eleemo-
1026 4185 1106 4259 tata,
1120 4185 1161 4247 ab
1171 4183 1393 4250 invictissimo
1403 4187 1437 4250 et
1447 4186 1595 4264 glorioso
1609 4204 1690 4266 rege
1701 4191 1827 4268 anglo·

178 4295 294 4358 synam
308 4280 498 4354 denarium,
519 4296 617 4359 quem
633 4281 746 4343 Sancti
768 4282 860 4344 Petri
879 4298 971 4344 nun·
1026 4298 1112 4357 rum,
1135 4285 1311 4357 Dacorum,
1335 4284 1599 4361 Noragenorum,
1620 4288 1823 4360 Suanorum,

178 4377 354 4455 cupabant.
375 4380 520 4455 Eamque
533 4377 568 4439 in
583 4393 653 4440 rem
668 4395 744 4442 ecce
760 4395 834 4457 quae
847 4380 972 4458 scripta
1027 4380 1193 4442 Kennatio
1212 4380 1381 4454 instituta,
1408 4382 1441 4443 et
1459 4381 1638 4458 diligenter
1659 4385 1823 4447 custodita

177 4474 245 4552 legi
266 4477 302 4536 in
322 4475 554 4553 antiquissimo
575 4478 645 4538 MS.
667 4479 801 4554 regesto
825 4477 974 4554 praelau-
1026 4478 1166 4539 consilio
1180 4478 1368 4556 principum
1382 4494 1518 4541 suorum
1532 4480 1566 4542 et
1579 4481 1781 4558 sapientum.

178 4573 247 4636 dati
261 4573 374 4637 Cencii
386 4573 574 4636 camerarii.
1066 4575 1197 4647 Omnis,
1229 4575 1286 4652 qui
1317 4575 1418 4638 habet
1447 4578 1489 4637 30
1509 4576 1704 4639 denariatas
1734 4578 1820 4641 vivae

1027 4672 1175 4749 pecuniae
1188 4672 1225 4733 in
1244 4672 1341 4734 domo
1356 4688 1428 4742 sua,
1445 4672 1486 4735 de
1507 4690 1568 4735 suo
1589 4674 1740 4752 proprio,
1756 4679 1824 4739 Au-

179 4789 230 4848 Dc
249 4789 399 4859 quadum
417 4791 491 4862 lege
510 4788 549 4846 tu
571 4787 694 4861 Anarta
715 4788 836 4849 vocata
857 4790 971 4850 pone.
1026 4770 1155 4845 glorum
1172 4768 1245 4845 lege
1263 4769 1354 4833 dabit
1376 4769 1552 4832 denarium
1575 4772 1690 4834 Sancti
1715 4773 1820 4843 Petri,

218 4882 303 4959 laye,
317 4884 351 4946 et
364 4883 515 4963 loquuur
533 4883 575 4943 dc
590 4884 734 4944 damaso
752 4885 842 4946 beate
857 4886 969 4948 pem,
1026 4867 1060 4929 et
1072 4867 1146 4943 lege
1157 4870 1326 4929 Dauorum
1347 4866 1519 4929 dimidiam
1538 4871 1736 4933 marcatam.
1758 4870 1823 4932 Iste

1026 4979 1107 5026 vero
1123 4964 1280 5025 denarius
1299 4963 1397 5027 debet
1420 4967 1621 5029 summoveri
1641 4967 1677 5028 in
1697 4967 1822 5029 solem-

217 5061 287 5120 lloc
300 5058 352 5119 est
366 5056 538 5132 scriptum,
551 5055 637 5133 quod
653 5058 811 5135 magister
823 5062 972 5139 Synitius
1027 5061 1132 5126 nitate
1147 5062 1381 5139 Apostolorum
1401 5063 1491 5126 Petri
1512 5063 1546 5125 et
1567 5064 1677 5136 Pauli,
1700 5066 1734 5127 et
1754 5064 1824 5126 col·

178 5168 320 5216 camerae
353 5151 478 5214 domini
514 5155 614 5229 Papae
644 5154 803 5231 clericus,
833 5158 971 5222 nuntius
1026 5158 1087 5235 ligi
1101 5160 1179 5221 aute
1198 5157 1425 5233 festivitatem,
1444 5176 1518 5238 quaa
1536 5159 1662 5223 dicitur
1679 5161 1724 5224 ad
1742 5161 1823 5223 viu-

176 5249 376 5327 Apostolicae
399 5247 494 5310 Sedis
509 5248 545 5310 in
561 5250 693 5327 anglia,
712 5252 755 5315 ad
770 5255 898 5319 curiam
912 5271 970 5319 as·
1028 5257 1114 5329 cuda,
1130 5256 1224 5319 itaut
1238 5256 1325 5319 ultra
1337 5256 1433 5319 illum
1447 5258 1611 5320 diemnon
1621 5258 1819 5321 detineatur.

181 5345 337 5425 portauit.
1028 5353 1064 5415 Si
1085 5353 1260 5432 quisquam
1278 5352 1469 5427 detinuerit,
1492 5354 1714 5432 adjustitiam
1733 5355 1822 5431 regie

219 5441 341 5516 Incipit
354 5440 423 5509 lex,
443 5456 516 5519 quae
529 5444 973 5525 angliceoaneomevocata
1027 5450 1207 5523 deferatur,
1228 5451 1386 5528 quoniam
1408 5452 1567 5514 denarius
1599 5451 1654 5514 hic
1678 5453 1823 5515 eleemo-

179 5538 239 5607 est,
269 5536 370 5598 latine
390 5551 469 5600 vero
485 5538 541 5603 lex
556 5542 719 5607 Dacorum
737 5547 788 5609 est
805 5546 973 5627 interpre-
1028 5546 1103 5610 sina
1133 5548 1222 5624 regis
1256 5547 1316 5612 est.
1345 5548 1482 5613 lustitia
1506 5564 1588 5612 vero
1620 5551 1693 5627 ejus
1721 5549 1821 5612 saciet
