3936 6182
267 363 329 426 639
738 356 915 420 HONORll
938 358 982 418 111
1004 357 1153 418 OPERA.
1169 384 1210 400 -
1225 355 1456 416 SERMONES.
1860 360 1915 419 610

267 522 406 596 ratibus,
423 522 469 584 iia
484 520 596 582 anima
611 518 739 580 duobus
753 520 860 581 utitur
871 517 1060 596 spirituali·
1115 515 1318 592 Apostolus:
1339 519 1488 577 Orestia
1511 517 1623 577 rectas
1647 518 1756 591 sacua
1777 520 1912 593 pentorn

266 621 339 694 bus,
353 618 518 690 videlicet,
540 619 608 691 lida
631 617 664 679 θῖ
684 618 865 680 intellecta.
884 619 949 678 Per
963 615 1060 677 tidem
1115 614 1257 686 vestiis,
1293 614 1333 675 at
1370 628 1437 675 aaa
1475 617 1670 676 claudicans
1709 618 1788 688 aab
1820 620 1909 681 enei

267 717 424 793 intelligit
437 717 549 777 anima
562 730 636 792 qua
648 730 715 777 non
728 715 829 777 ridet.
847 713 940 776 Unde
954 716 1062 791 apos·
1116 709 1231 789 (Henr.
1258 726 1319 784 111,
1354 710 1419 791 13).
1448 711 1533 783 Quid
1560 712 1611 773 θεῖ
1639 727 1779 788 gressum
1808 718 1908 776 rectos

266 816 352 879 tolus
365 836 373 875 ε
386 816 471 876 Fide
480 814 704 889 intelligimus
712 813 832 886 aptata
842 827 917 874 asae
935 816 1062 873 saraia
1115 807 1242 877 iacere,
1264 809 1329 871 nisi
1343 808 1490 871 inbonis
1505 809 1661 887 operibus
1683 810 1909 875 rectitudinem

267 916 369 975 aerbo
389 915 453 974 Dei
466 910 580 990 (Hebr.
596 927 644 983 ru,
660 909 705 989 3).
722 911 823 982 Quasi
837 909 981 972 diceret:
1002 925 1062 986 per
1111 907 1251 983 justitiae
1271 908 1408 970 teneret
1427 906 1519 981 Quod
1541 907 1571 968 si
1592 907 1718 984 aliquis
1739 909 1909 984 claudicat,

266 1010 366 1071 tidem
382 1008 613 1085 cognoscimus
634 1010 738 1068 Deum
756 1006 859 1069 verbo
879 1022 940 1068 suo
963 1022 1063 1067 mun-
1116 1004 1200 1067 idest
1220 1005 1332 1068 deficit
1349 1022 1370 1067 a
1388 1005 1474 1067 bono
1493 1021 1606 1083 opere,
1622 1005 1759 1069 ducitur
1772 1008 1810 1067 in
1826 1024 1912 1071 erro-

266 1107 354 1169 dana
368 1120 511 1174 creasse,
525 1105 676 1182 quamvis
691 1120 753 1165 neo
767 1104 802 1164 in
819 1104 878 1165 illa
893 1104 1061 1166 creatione
1115 1118 1196 1163 rem.
1213 1103 1255 1165 nt
1269 1103 1333 1165 boa
1349 1103 1501 1182 estquod
1520 1103 1644 1166 dicitur
1660 1122 1668 1166 :
1684 1105 1724 1166 at
1739 1120 1812 1167 aaa
1824 1111 1911 1169 cluai-

267 1201 1059 1275 iuerimue,neoillamordinationemriderimus.
1115 1204 1234 1263 dicanti
1246 1205 1324 1276 ariis
1335 1203 1432 1264 errat
1445 1199 1569 1281 (ibid).

268 1302 442 1366 intellectu
450 1299 759 1378 comprehendimus
768 1315 808 1361 ea
817 1315 889 1377 quae
898 1300 1062 1377 perfidem
1156 1300 1195 1361 Et
1209 1299 1389 1361 notandum
1404 1299 1490 1376 quod
1508 1298 1637 1361 duobus
1650 1299 1797 1377 pedibus
1809 1302 1913 1365 anima

268 1401 446 1465 credimus.
459 1399 553 1461 Unde
564 1397 837 1475 percontrarium
851 1398 974 1459 dicitur
986 1399 1063 1475 qui·
1116 1395 1298 1469 stabilitur,
1325 1395 1497 1469 videlicet,
1524 1397 1643 1460 timore
1667 1400 1702 1461 et
1728 1414 1858 1461 amore.
1880 1402 1914 1461 nt

266 1499 406 1561 busdam
421 1497 456 1558 in
477 1496 576 1569 isaia,
595 1497 776 1558 secundum
797 1496 899 1558 aliam
911 1495 1061 1558 mansla—
1116 1509 1182 1555 non
1202 1493 1309 1554 solum
1330 1494 1508 1568 stabilitur,
1525 1495 1584 1557 sed
1605 1496 1707 1557 etiam
1730 1497 1914 1559 currensin

267 1599 391 1661 tionem
405 1618 413 1656 ε
435 1598 514 1658 Nisi
532 1596 760 1668 credideritis,
780 1609 850 1657 aaa
867 1594 1063 1670 intelligetis
1115 1589 1212 1653 bonis
1224 1590 1381 1668 operibus
1393 1592 1518 1669 rumpit
1531 1593 1645 1654 omnia
1658 1594 1813 1666 ancum,
1826 1594 1913 1664 idest,

267 1693 362 1774 (ibid.
378 1708 438 1764 vu,
450 1691 496 1771 9).
509 1692 603 1753 Unde
615 1691 827 1753 manifestum
838 1692 888 1753 θεῖ
902 1691 988 1769 quod
1003 1705 1063 1768 per
1116 1688 1361 1766 impedimenta.
1379 1689 1473 1752 Unde
1498 1690 1722 1768 Hieronymus
1741 1713 1750 1752 ι
1767 1710 1788 1752 ‹
1813 1692 1913 1755 Facile

267 1791 367 1853 fidem
379 1789 519 1851 'venitur
530 1789 572 1850 nd
595 1789 811 1851 intellectum.
834 1789 874 1851 nt
887 1789 944 1866 qm
965 1788 1062 1849 modo
1115 1787 1241 1864 rumpit
1249 1787 1361 1849 omnia
1372 1787 1507 1849 vincula
1522 1797 1616 1849 amor
1630 1788 1759 1851 Christi
1776 1791 1813 1852 et
1826 1791 1912 1852 timor

266 1904 333 1951 non
356 1889 427 1950 vult
448 1888 489 1949 de
507 1889 575 1949 beo
595 1902 676 1949 rora
697 1886 845 1955 credere,
860 1902 927 1948 non
942 1886 1063 1963 poterit
1116 1884 1289 1960 genennae.
1308 1902 1327 1945 »
1344 1885 1449 1961 igitur
1462 1885 1574 1947 claudi
1588 1885 1777 1959 ambulant,
1791 1888 1911 1965 quando

266 1986 475 2068 postmodum
509 1985 550 2047 ad
585 1986 645 2047 Uei
677 1985 901 2062 cognitionem
933 1985 1060 2047 venire.
1116 1981 1237 2060 illiqui
1250 1982 1404 2045 timorem
1418 1982 1478 2044 Uei
1499 1984 1532 2046 et
1546 1999 1695 2046 amorem
1712 2000 1786 2047 nom
1801 1985 1912 2048 babent

266 2085 353 2148 Caci
376 2099 455 2160 ergo
475 2084 552 2146 sunt
572 2083 704 2160 quiDei
724 2083 967 2147 virtutemnon
988 2098 1063 2146 cre-
1116 2078 1259 2153 firmllm›
1287 2095 1347 2157 per
1373 2080 1516 2157 gratiam
1544 2081 1734 2144 mlidantur
1766 2083 1806 2144 in
1837 2083 1911 2146 honi

266 2184 359 2257 dunt,
371 2182 501 2245 velnon
515 2180 717 2257 intelligunt.
1116 2193 1226 2255 opere.
1242 2177 1381 2254 leprosi
1402 2180 1479 2240 sunt
1500 2178 1660 2253 baeretici,
1678 2180 1762 2258 quia
1782 2181 1911 2244 sicutin

306 2281 370 2343 Sed
394 2280 574 2342 notandum
596 2279 657 2348 est,
671 2279 758 2356 quod
777 2279 835 2341 alii
857 2281 934 2342 sunt
947 2279 1027 2342 caeci
1042 2295 1062 2341 a
1116 2275 1256 2352 leprosis
1277 2291 1355 2337 caro
1370 2291 1414 2338 eu
1427 2279 1523 2353 parte
1538 2278 1589 2339 θεῖ
1602 2293 1698 2351 sana,
1713 2280 1751 2341 θῖ
1769 2294 1815 2341 ex
1827 2282 1912 2357 parte

264 2378 515 2451 nativitate‚alii
524 2377 835 2439 caecanturalterius
843 2377 1060 2454 malignitate,
1117 2373 1283 2450 corrupta,
1295 2375 1441 2451 exparte
1453 2374 1580 2436 tumida
1590 2376 1624 2437 et
1633 2391 1676 2436 ex
1690 2378 1791 2453 parte
1803 2376 1909 2454 plana3

264 2476 325 2539 alii
345 2493 389 2539 ex
411 2475 571 2537 incidenti
601 2474 805 2536 infirmitate.
834 2480 862 2536 A
889 2476 1063 2538 nativitate
1117 2472 1164 2533 ita
1178 2471 1330 2534 doctrina
1342 2471 1509 2534 haereticis
1530 2488 1574 2534 ex
1592 2474 1688 2550 parte
1706 2478 1761 2536 est
1780 2477 1911 2547 neraei

264 2575 434 2636 caecisunt
448 2573 505 2652 qui
524 2573 566 2634 ab
586 2572 806 2634 iniantiaer
825 2588 892 2634 non
910 2574 1060 2637 credunt
1116 2583 1160 2630 ex
1186 2569 1281 2646 parte
1310 2571 1361 2631 est
1391 2569 1487 2632 ialsa.
1518 2573 1664 2646 leprosi
1688 2575 1908 2646 mundanam

266 2673 361 2735 Unde
377 2671 417 2732 de
435 2670 557 2733 talibus
578 2671 614 2731 in
635 2670 769 2731 Psalmo
787 2692 795 2731 ε
814 2673 963 2733 Alienati
980 2675 1063 2735 saal
1117 2665 1249 2744 quando
1261 2666 1411 2729 haerefici
1424 2667 1467 2728 ab
1481 2668 1651 2730 err0rib11⁸
1664 2671 1910 2741 convertuntur,

262 2771 461 2845 peccatores
479 2771 521 2830 aa
534 2769 646 2840 atera,
662 2769 873 2830 erraverant
886 2784 909 2831 a
927 2771 1060 2844 veritae,
1116 2763 1224 2827 etheo
1236 2764 1404 2840 significat
1416 2767 1568 2827 Naaman
1588 2765 1755 2843 leprosus,
1769 2784 1831 2845 per
1842 2784 1910 2830 rer

263 2865 367 2927 iocati
388 2864 471 2926 saal
490 2866 579 2939 salsa
600 2860 670 2942 (Ρε.
692 2863 742 2934 57,
763 2861 809 2941 4),
831 2862 918 2926 idest
935 2879 978 2926 ex
997 2879 1061 2943 quo
1116 2861 1194 2923 bum
1206 2862 1318 2940 Elysei
1340 2862 1528 2926 mundatus.
1546 2864 1647 2926 surdi
1667 2867 1750 2928 sunt
1769 2867 1829 2943 qui
1841 2882 1909 2929 rer·

263 2962 334 3024 nati
348 2962 425 3023 sunt
439 2961 474 3022 in
489 2975 603 3022 errore
621 2961 825 3022 manserunt.
840 2960 908 3022 Alii
926 2977 1061 3024 caeaau-
1115 2959 1194 3021 bum
1207 2961 1269 3023 Dei
1286 2961 1339 3023 rel
1360 2960 1477 3022 audire
1493 2960 1622 3035 nolunt,
1639 2962 1696 3024 vel
1716 2962 1744 3024 si
1765 2963 1906 3035 audiunt,

263 3063 319 3123 tur
343 3059 483 3123 alterius
514 3058 732 3135 malignitate,
762 3059 799 3122 ut
825 3063 903 3122 sunt
927 3058 978 3121 illi
1004 3062 1062 3139 qui
1116 3073 1183 3119 non
1197 3058 1433 3120 exaudiuntur.
1448 3058 1545 3120 Tales
1559 3074 1581 3121 a
1595 3058 1729 3122 Christo
1745 3064 1906 3132 curantur,

263 3174 338 3219 cum
352 3157 494 3220 fuissent
505 3156 694 3230 christiani,
706 3158 820 3234 postea
836 3160 913 3220 sunt
924 3158 960 3219 in
972 3173 1062 3220 erro-
1116 3154 1248 3232 quando
1268 3155 1427 3218 divinims
1446 3156 1496 3217 eis
1517 3156 1616 3219 datur
1632 3157 1775 3220 verbum
1795 3160 1908 3237 pradi-

261 3272 333 3319 rem
356 3255 453 3334 lapsi.
479 3255 572 3317 Unde
596 3254 719 3331 legitur
738 3254 773 3315 in
794 3255 950 3329 lenonia,
973 3257 1061 3333 quod
1115 3253 1258 3315 cationis
1272 3253 1414 3316 libenter
1426 3253 1555 3324 audire,
1567 3255 1601 3317 et
1612 3254 1798 3319 efficaciter
1811 3258 1908 3320 adim-

261 3370 323 3417 rex
345 3354 524 3432 Babylonis
545 3353 633 3416 eruit
647 3352 760 3415 oculos
783 3353 930 3416 sedeciae
949 3355 1059 3431 regis3
1114 3351 1218 3428 plere.
1246 3351 1382 3413 Talibus
1403 3350 1485 3414 dicit
1506 3351 1667 3414 Dominus
1682 3369 1745 3430 per
1770 3356 1904 3417 isaiam:

261 3452 357 3524 idest,
374 3450 526 3513 diabolus
544 3450 642 3512 iidem
656 3452 689 3513 θῖ
703 3450 905 3513 intellectum
925 3451 1061 3514 abstulit
1114 3452 1220 3511 Sardi
1234 3452 1362 3521 acidae,
1376 3450 1410 3511 et
1427 3452 1512 3512 caeci
1529 3450 1716 3513 inridemini
1734 3456 1781 3515 aa
1793 3457 1905 3516 aden·

261 3549 439 3627 cujuslibet
468 3549 654 3610 christiani.
679 3547 745 3609 Alii
771 3551 940 3611 caecantur
965 3550 1059 3612 acci·
1114 3550 1207 3609 dam.
1238 3550 1320 3614 Quis
1350 3562 1461 3610 cacia
1492 3550 1562 3609 atsi
1591 3562 1719 3611 saraae
1744 3566 1856 3623 aaezu,
1877 3553 1906 3613 et

261 3646 352 3708 denti
372 3645 576 3716 infirmitate,
601 3646 637 3707 ut
657 3647 734 3706 sunt
755 3645 806 3705 illi
833 3646 889 3723 qui
914 3662 974 3723 pro
999 3663 1060 3708 sua
1113 3648 1241 3707 sardas
1262 3649 1331 3706 alsi
1353 3649 1398 3708 at
1411 3659 1513 3721 auem
1535 3647 1618 3707 misi
1636 3648 1781 3711 atiraiac
1800 3649 1905 3712 nicasi
1948 3726 1949 3729 Ἴ

260 3743 466 3819 negligentia
486 3742 540 3803 vel
558 3758 626 3803 non
645 3741 784 3803 credunt
799 3742 853 3804 vel
872 3760 938 3805 nou
954 3745 1058 3807 intel-
1115 3741 1270 3822 (ls.xm11,
1287 3741 1351 3823 18).
1947 3806 1948 3809 ,

261 3840 566 3917 liguntreritatem.
584 3837 677 3900 Unde
692 3840 727 3899 in
742 3839 906 3902 Psalterio
921 3842 962 3904 de
976 3842 1067 3928 tali·¹
1153 3841 1245 3903 Nulli
1275 3844 1353 3902 sunt
1379 3841 1549 3903 surdiores
1584 3841 1684 3904 bodie
1714 3842 1904 3920 quibusdan
1946 3874 1947 3889 1

259 3938 321 4001 bus
344 3938 402 4016 qui
425 3936 539 3999 oculos
569 3935 694 3998 babent
720 3937 754 3998 et
783 3953 849 3998 non
875 3938 998 4011 rident,
1026 3941 1060 4004 et
1113 3939 1323 4011 christianis,
1350 3939 1407 4016 qui
1432 3938 1581 4017 quotidie
1607 3940 1750 4003 audiunt
1774 3942 1902 4004 verbnm
1944 3930 1946 4005 l

260 4051 359 4098 aures
374 4034 497 4096 habent
514 4033 571 4096 sed
590 4048 658 4095 non
672 4033 813 4096 audiunt
831 4051 938 4113 neque
958 4037 1059 4100 intel-
1112 4037 1370 4115 predicationis.
1386 4037 1444 4098 sed
1462 4053 1531 4100 non
1549 4038 1779 4101 exaudiuntur
1795 4042 1902 4102 effectu
1942 4010 1945 4127 t

259 4133 378 4210 ligant.
1112 4135 1326 4213 operationis.
1339 4135 1463 4196 Mortui
1475 4136 1554 4197 sunt
1567 4137 1626 4213 qui
1639 4136 1677 4197 in
1689 4139 1826 4214 peccato
1840 4138 1900 4200 cri·
1941 4142 1943 4207 t

299 4230 395 4292 Multi
421 4232 498 4293 sunt
525 4230 624 4293 bodie
645 4231 701 4308 qui
723 4231 823 4293 etiarn
846 4231 888 4293 ad
912 4232 1057 4295 litteram
1111 4233 1228 4294 minali
1254 4233 1381 4296 vivunt.
1406 4234 1453 4294 De
1484 4232 1603 4309 quibus
1632 4233 1669 4295 in
1695 4236 1899 4313 Evangelio:
1940 4214 1942 4287 i

259 4329 383 4391 habent
402 4329 516 4391 oculos
538 4328 594 4390 sed
622 4344 687 4390 non
711 4329 835 4401 rident,
861 4331 898 4391 ut
923 4329 974 4390 illi
999 4332 1057 4408 qui
1110 4333 1220 4393 Sinite
1256 4331 1412 4391 mortuos
1452 4333 1597 4405 sepelire
1636 4335 1797 4395 mamas
1831 4345 1899 4394 suas

257 4429 358 4505 vulgo
379 4430 515 4491 abocalli
533 4427 706 4499 vocantur,
721 4428 755 4489 et
768 4427 827 4487 alii
846 4428 902 4504 qui
919 4427 1055 4503 albugi-
1111 4427 1205 4509 (Luc.
1218 4444 1266 4501 rx,
1282 4426 1346 4506 60).
1362 4431 1409 4489 Ao
1423 4426 1453 4487 si
1467 4427 1594 4489 diceret
1609 4450 1618 4489 ι
1635 4429 1747 4492 Sinite
1765 4432 1897 4493 mortuos

258 4543 334 4588 nem
346 4526 399 4588 vel
415 4525 592 4601 caliginem
608 4526 644 4585 in
659 4524 764 4586 oculis
779 4525 960 4602 patiuntur.
976 4525 1057 4597 Qui·
1110 4527 1145 4587 in
1161 4526 1272 4587 anima
1287 4525 1428 4602 sepelire
1443 4525 1590 4587 mortuos
1605 4526 1640 4586 in
1654 4531 1897 4604 corporalier

257 4623 319 4684 bus
349 4622 475 4683 similes
504 4624 580 4684 sunt
605 4623 662 4699 qui
689 4622 814 4684 babent
837 4621 1054 4692 intellectum,
1110 4624 1161 4685 iai
1174 4623 1375 4699 remergunt,
1399 4622 1531 4700 quando
1552 4625 1749 4699 peccatores
1766 4639 1897 4703 perpa-

258 4720 315 4781 sed
337 4720 454 4781 nolunt
474 4718 568 4780 illum
591 4735 758 4796 apponere
779 4719 820 4780 ad
840 4719 1052 4794 credendum,
1109 4720 1282 4783 nitentium
1292 4719 1334 4781 ad
1342 4720 1602 4782 ritamredeunt.
1612 4722 1708 4783 Unde
1716 4722 1894 4801 Apostolus:

256 4816 310 4878 vel
324 4816 408 4877 bene
421 4815 596 4891 agendum.
609 4817 702 4877 Unde
717 4816 753 4875 in
766 4816 899 4878 Psalmo
912 4838 921 4878 z
936 4820 1055 4880 Noluit
1108 4822 1221 4895 Sarae
1243 4821 1301 4893 qai
1326 4821 1458 4880 aenan
1481 4820 1515 4881 et
1542 4832 1698 4897 maurae
1715 4836 1740 4883 a
1759 4822 1896 4883 mortuis

256 4914 446 4988 ialeaiaere
458 4913 498 4973 at
514 4915 596 4973 berre
610 4913 730 4987 agaret
745 4910 813 4991 (Ρε.
829 4928 933 4988 xxxv,
948 4914 993 4995 4).
1109 4914 1243 4995 (Ephes.
1265 4932 1299 4988 r,
1325 4913 1389 4995 14).
1413 4920 1595 4991 Paapcres
1610 4919 1894 4995 evangelizatura.

296 5009 402 5086 Igitur
422 5008 551 5086 quoties
568 5007 654 5069 tales
668 5007 710 5069 ad
723 5010 897 5073 veritatem
913 5028 1055 5088 cognos-
1108 5014 1327 5087 Quaerendum
1342 5015 1393 5076 θεῖ
1406 5028 1509 5091 quare
1523 5013 1613 5077 dicat
1626 5031 1793 5093 pauperes
1806 5029 1895 5078 evan·

256 5107 395 5170 cendam
428 5104 579 5167 Christus
612 5104 793 5179 illuminat,
822 5109 921 5170 toties
955 5110 1054 5172 caeois
1107 5112 1302 5189 gelizantur,
1323 5127 1391 5173 non
1413 5111 1542 5173 divites.
1567 5111 1632 5174 Sed
1654 5113 1895 5191 intelligendum

255 5205 365 5266 visum
390 5203 492 5265 donat
511 5201 565 5264 rel
585 5204 730 5279 reparat.
748 5206 790 5267 Et
808 5205 871 5266 hoc
893 5207 944 5267 est
967 5208 1053 5285 quod
1107 5211 1158 5272 est
1179 5209 1220 5271 de
1240 5208 1442 5286 pauperibus
1468 5208 1606 5285 spiritu,
1636 5209 1740 5284 idest,
1767 5208 1895 5272 humili-

256 5302 355 5363 dicit:
369 5303 456 5362 Caci
469 5300 595 5361 videat.
605 5301 691 5361 Nam
701 5301 813 5363 omnia
822 5302 881 5363 illa
890 5302 1053 5366 miracula
1107 5307 1179 5368 bus.
1212 5309 1293 5369 Item
1329 5305 1385 5367 bic
1415 5305 1616 5384 adimpletur
1640 5307 1699 5369 illa
1732 5306 1895 5386 prophetia

256 5414 330 5477 quae
347 5397 497 5459 Christus
512 5398 712 5474 operabatur
728 5399 764 5459 in
784 5398 978 5475 corporibus
994 5402 1052 5462 in·
1108 5405 1203 5466 Isaiae
1227 5420 1271 5466 ex
1295 5418 1438 5480 persona
1464 5403 1596 5466 Domini
1621 5425 1630 5466 ε
1654 5408 1812 5481 Spiritus
1836 5408 1896 5466 bo-

256 5498 436 5563 firmorum,
457 5510 546 5557 nunc
565 5498 722 5573 operatur
740 5496 775 5556 in
797 5496 971 5558 animabus
986 5499 1052 5561 ho·
1106 5505 1193 5564 mirri
1215 5516 1322 5575 stipor
1347 5516 1419 5573 me,
1447 5502 1582 5579 propter
1609 5502 1696 5579 quod
1719 5503 1817 5565 unxit
1840 5515 1893 5562 me.

255 5592 392 5654 minum.
415 5593 531 5654 Claudi
552 5595 630 5654 sunt
653 5593 710 5671 qui
735 5608 870 5667 gressus
889 5595 997 5657 rectos
1016 5597 1052 5658 in
1105 5602 1357 5675 naaripaaare
1382 5602 1595 5674 pauperiora
1627 5601 1725 5662 misit
1754 5616 1813 5662 me
1839 5598 1892 5676 (is.

256 5688 351 5749 bonis
376 5690 530 5768 operibus
560 5706 625 5750 non
657 5689 790 5751 habent.
821 5690 945 5762 Quibus
971 5693 1052 5756 dicit
1107 5698 1387 5771 1.x11;Luc-.1v‚
1411 5694 1476 5775 18).
