3952 6188
74 268 143 333 m
452 261 498 325 IN
518 252 648 325 ΜΕΒῙΟ
671 259 1026 339 evernesheim,
1049 258 1177 324 raam
1196 260 1367 351 omnm,
1673 266 1734 331 7¹18

74 439 204 489 mones
225 421 262 485 in
285 418 484 496 Beelzebub,
507 421 623 485 tenent
642 420 782 499 figuram
808 421 887 484 illo-
939 437 1028 495 eam,
1047 422 1084 486 et
1102 420 1188 498 sacti
1202 422 1284 485 snat
1298 425 1330 485 et
1342 422 1475 484 inimici
1487 417 1623 500 (ihren
1639 420 1668 494 l,
1684 418 1732 501 2).

76 539 160 586 rum
190 522 247 601 qui
274 519 362 582 bona
387 519 584 583 convertunt
602 520 637 581 in
661 520 760 581 mala.
783 519 885 582 Verbi
939 519 1059 594 Chari,
1086 519 1189 593 idest,
1217 520 1317 583 amici
1348 519 1468 582 animae
1489 517 1635 581 hominis
1655 520 1734 580 suut

76 620 210 699 gratia,
232 619 261 679 si
277 617 392 680 vident
414 617 582 679 homiuem
600 617 813 694 religiosum,
833 617 886 679 di·
937 617 1026 679 beati
1049 618 1179 694 angeli,
1201 618 1344 695 quinon
1364 617 1579 679 consolantur
1602 631 1675 677 eam
1698 615 1733 676 in

78 718 166 781 eunt
190 732 264 779 esse
286 714 514 793 hypocritam3
539 715 568 776 si
585 714 701 777 vident
717 714 884 777 hominem
939 716 1044 776 morte
1059 730 1130 787 sua,
1147 715 1224 792 quia
1239 715 1274 775 in
1290 715 1353 777 hoc
1369 715 1491 776 mundo
1508 730 1574 775 non
1591 713 1664 775 rult
1677 712 1733 775 vi-

74 814 305 893 jeJunantem
321 812 436 875 dicunt
460 828 533 874 esse
552 828 689 876 ararum
715 813 749 877 et
772 813 821 875 sic
844 812 884 875 de
938 828 1017 875 rere
1031 813 1132 885 casto,
1155 815 1189 875 et
1210 812 1379 890 religiose.
1406 814 1492 875 Nam
1514 812 1547 873 in
1568 811 1633 873 hac
1654 826 1735 889 pro-

79 911 230 975 eaeteris.
939 911 1051 987 phetia
1069 910 1199 988 plangit
1220 910 1395 983 ieremias,
1415 909 1597 971 seeundum
1621 908 1734 970 histo-

939 1007 1035 1080 riam,
1052 1007 1310 1070 destructionem
1330 1007 1528 1076 Jerusalem,
1551 1006 1734 1068 secundum

429 1103 543 1193 XVII
939 1105 1134 1183 allegoriam
1149 1104 1406 1167 destructionem
1425 1104 1594 1175 Ecclesiae,
1619 1105 1652 1165 et
1679 1119 1736 1165 se-

939 1204 1083 1266 cundum
1095 1202 1319 1265 moralitatem
1327 1200 1587 1264 destructionem
1599 1201 1732 1272 animm,

155 1335 211 1399 IN
240 1336 389 1399 MEDIO
417 1334 813 1410 QUADRAGESIMAE
939 1317 1013 1381 quse
1024 1301 1206 1364 destruitur
1217 1316 1277 1379 per
1288 1299 1472 1378 peccatum,
1488 1299 1521 1360 et
1533 1295 1665 1375 quando
1677 1296 1735 1358 du·

142 1414 145 1420 '
939 1399 1027 1461 citur
1040 1398 1082 1460 ad
1100 1397 1279 1459 infernum.
1300 1397 1389 1458 Dicit
1404 1397 1599 1472 ergozNon
1612 1395 1665 1458 cst
1676 1397 1735 1469 eut

338 1509 461 1559 ruam
488 1509 638 1568 potura
939 1496 1133 1559 consoletur
1159 1509 1305 1558 eamear
1323 1495 1480 1557 ormtbns
1504 1495 1621 1556 eboris
1645 1494 1731 1565 ejus,

939 1593 1036 1667 idest,
1047 1593 1159 1655 nullus
1170 1608 1213 1653 ex
1223 1588 1733 1668 Angelisvultconsolarieemin

119 1693 283 1769 serpens
299 1692 404 1753 lesus
421 1693 463 1754 dc
476 1705 663 1768 seruposa,
683 1690 831 1752 tntrnott
848 1691 887 1752 tn
940 1691 1048 1754 morte
1068 1705 1143 1752 sua.
1161 1691 1282 1752 Omnes
1297 1688 1397 1750 amici
1415 1687 1626 1762 spreverunt
1644 1702 1733 1749 eum.

79 1791 228 1851 domum
254 1791 417 1855 Stmoms.
444 1791 572 1851 noema
594 1789 713 1851 autem
735 1790 887 1851 Simonis
940 1788 1025 1850 Ficti
1039 1787 1110 1849 sive
1125 1785 1313 1848 talsiamici
1327 1784 1448 1847 animae
1464 1783 1542 1845 sunt
1555 1783 1733 1856 daemones,

79 1887 269 1949 mechatur
280 1890 420 1965 maante
431 1887 593 1961 febribus,
618 1886 652 1947 et
664 1886 763 1947 stans
780 1899 887 1960 super
940 1886 996 1964 qui
1011 1886 1052 1947 ad
1068 1885 1131 1947 hoc
1150 1884 1295 1961 diligunt
1306 1899 1391 1956 eam,
1407 1884 1445 1943 ut
1458 1881 1602 1943 habeant
1614 1879 1650 1942 in
1664 1881 1736 1943 tor-

80 1985 200 2056 wem,
228 1984 415 2060 imperavit
440 1985 540 2059 sebrt,
571 1984 607 2046 et
631 1984 764 2047 dtmtstt
790 1986 886 2047 tuam
940 1984 1059 2046 mentis
1083 1982 1220 2045 sociam.
1252 1982 1293 2043 at
1319 1980 1384 2057 ipsi
1408 1979 1619 2056 spreverunt
1644 1993 1734 2047 enm,

79 2077 240 2159 (Luem,
256 2079 322 2160 32).
940 2083 1019 2159 quia
1032 2079 1260 2158 improperant
1274 2078 1306 2139 ei
1321 2078 1409 2139 mala
1422 2092 1495 2154 quae
1507 2075 1597 2137 lecit.
1617 2075 1658 2136 m
1668 2074 1738 2135 ltro·

119 2179 203 2240 Non
224 2178 331 2240 solum
353 2192 486 2239 socrum
513 2177 658 2239 Simonis
681 2176 840 2240 Dominus
865 2192 885 2239 a
939 2179 1019 2240 runt
1043 2181 1077 2241 ei
1103 2179 1254 2248 inimici,
1282 2175 1360 2252 quia
1386 2173 1541 2250 affligunt
1563 2187 1637 2234 eam
1665 2172 1737 2234 tor-

80 2273 236 2339 tebribus
254 2275 400 2344 sanavit,
421 2274 478 2335 sed
495 2278 530 2336 et
555 2274 675 2336 multos
688 2275 772 2337 alios
791 2290 812 2336 a
834 2274 887 2335 di·
940 2276 1059 2338 mentis
1076 2274 1202 2345 multis,
1221 2288 1320 2350 quam
1345 2271 1511 2333 delectare
1525 2270 1677 2332 fecerunt
1699 2269 1735 2331 in
1831 2300 1835 2305 ·

80 2373 196 2434 versis
220 2369 599 2447 etvariislanguoribm
614 2371 779 2434 liberavit.
800 2372 886 2433 Nam
940 2371 1098 2451 peccatis.
1120 2370 1214 2434 Unde
1236 2368 1359 2431 David:
1386 2371 1451 2435 Qut
1475 2368 1642 2431 tribulant
1666 2381 1735 2440 rrae,

79 2484 195 2532 cteeos
209 2466 441 2541 illuminabat,
449 2467 599 2546 leprosos
614 2467 804 2541 mundabat,
823 2468 888 2530 dae·
940 2469 1154 2541 seeundum,
1167 2470 1200 2530 st
1219 2467 1334 2531 motus
1347 2469 1513 2541 furrow..
1539 2463 1609 2546 (Pe.
1623 2464 1673 2538 12,
1688 2463 1735 2543 5).

79 2581 209 2628 mones
241 2564 287 2627 ab
314 2563 459 2627 obsessis
491 2564 686 2643 corporibus
720 2565 884 2643 ejiciebat
940 2570 1076 2630 Daemon
1085 2565 1338 2628 vexatauimam
1347 2561 1593 2636 damnabiliter,
1605 2558 1737 2641 quando

82 2663 186 2734 Unde
202 2654 289 2724 alias
299 2663 458 2739 scriptum
478 2662 550 2725 est:
569 2664 615 2725 nt
632 2667 693 2738 qur
708 2666 888 2726 emeban-
940 2664 1032 2727 ducit
1049 2679 1124 2727 eam
1146 2678 1207 2742 per
1226 2663 1391 2726 tormenta
1411 2660 1547 2725 interni.
1572 2660 1665 2724 Unde
1679 2662 1739 2723 Je-

81 2761 147 2822 tur
176 2775 202 2821 a
226 2761 408 2834 spirtttbas
434 2762 643 2834 remundis,
671 2762 887 2823 curabantur
940 2762 1083 2824 remiss:
1104 2763 1228 2825 Omnes
1245 2760 1511 2836 persecutorum
1526 2761 1738 2834 ejusoppre·

82 2855 184 2935 (Luc.
201 2873 249 2930 r1,
267 2856 330 2937 18).
350 2858 498 2930 Quatuor
518 2858 625 2919 modis
642 2859 807 2920 vexantur
821 2858 887 2919 ho·
939 2861 1133 2923 manarunt
1147 2874 1226 2923 eom
1245 2859 1532 2936 tateronousttas
1545 2853 1692 2935 (Threm.
1710 2869 1735 2927 1,

82 2955 229 3017 minesa
245 2954 417 3032 spiritibus
432 2955 621 3029 immundis,
635 2955 887 3029 videlicetcor-
939 2956 985 3037 3).
1008 2958 1243 3027 Persecutores
1272 2956 1394 3018 animae
1413 2953 1491 3017 sunt
1508 2953 1647 3032 spiritus
1670 2953 1738 3013 im-

83 3052 261 3128 poraliter,
275 3052 506 3130 spiritualiter,
520 3051 736 3126 horribiliter,
751 3053 887 3116 eidam·
940 3055 1066 3129 mundi,
1093 3055 1150 3132 qui
1177 3053 1421 3132 persequuntur
1446 3051 1592 3115 animam
1619 3050 1654 3111 iu
1678 3049 1737 3111 in-

84 3148 257 3211 nabiliter.
296 3150 549 3225 corporaliter,
586 3151 718 3229 quando
752 3151 884 3213 daemon
939 3151 1046 3225 terno,
1069 3150 1225 3212 vexando
1238 3165 1313 3211 eam
1329 3148 1474 3209 diversis
1487 3147 1674 3209 tormentis.
1697 3145 1738 3208 nt

84 3247 190 3308 vexat
203 3262 323 3324 corpus
333 3246 478 3308 hominis
492 3245 681 3310 visibiliter.
699 3247 793 3309 Unde
807 3246 887 3324 legi·
941 3248 1005 3324 ipsi
1029 3245 1321 3325 apprehenderunt
1346 3260 1421 3306 sam
1441 3245 1530 3308 inter
1550 3243 1741 3320 angustias,

86 3358 161 3405 mus
175 3343 212 3405 in
227 3344 419 3421 Evangelio,
439 3342 525 3420 quod
545 3343 674 3406 daemon
689 3343 888 3422 projiciebat
940 3344 1037 3416 idest,
1055 3344 1142 3406 inter
1155 3342 1356 3405 afflictiones
1366 3340 1502 3403 interni.

86 3456 230 3517 puerum
238 3440 274 3501 iu
282 3441 404 3517 ignem,
417 3441 451 3502 et
458 3441 495 3501 in
510 3455 641 3517 aquam.
657 3440 748 3512 Quod
758 3438 807 3503 ita
815 3441 888 3503 lac·
981 3441 1136 3519 Legimus
1150 3441 1186 3502 in
1207 3439 1359 3519 physica,
1376 3439 1465 3517 quod
1480 3437 1741 3516 corpushuma·

86 3538 157 3600 tram
173 3537 211 3599 in
224 3537 365 3599 veritate
377 3536 555 3598 credimus.
568 3539 693 3600 Tamen
705 3537 886 3600 secundum
941 3555 1020 3601 num
1035 3554 1078 3600 ex
1087 3538 1229 3616 quatuor
1238 3536 1417 3599 elementis
1424 3536 1654 3615 principaliter
1663 3551 1740 3596 con·

89 3633 301 3711 spiritualem
313 3632 580 3709 intelligentiam,
597 3634 779 3711 perignem
796 3634 888 3696 desi·
942 3636 1048 3711 sistit3
1072 3635 1228 3698 videlieet
1243 3635 1345 3708 terra,
1365 3649 1464 3712 aqua,
1487 3648 1565 3697 aere
1588 3634 1623 3697 et
1646 3633 1742 3710 igne,

87 3733 212 3805 matur
226 3730 290 3803 ira,
311 3730 450 3800 invidia,
470 3731 504 3794 et
523 3731 592 3793 alia
613 3747 744 3809 quoque
765 3732 887 3795 mentis
940 3733 1026 3795 idest
1038 3733 1073 3794 in
1086 3733 1230 3810 quatuor
1241 3730 1438 3793 humoribus
1452 3731 1653 3793 naturaliter
1664 3745 1742 3809 per·

87 3827 190 3904 ritia3
205 3843 267 3906 per
279 3843 399 3905 aquam
415 3827 609 3905 designatur
622 3828 758 3891 luxuria
771 3830 805 3891 et
819 3829 887 3892 alia
941 3830 1063 3903 manet,
1085 3829 1253 3903 videlieet,
1269 3828 1468 3892 melancolia
1486 3844 1560 3908 quae
1579 3829 1743 3890 similitu·-

89 3923 170 3986 ritia
198 3926 322 3987 carnis.
354 3928 490 3987 Daemon
515 3926 650 4006 proJ'ioit
679 3943 818 4004 puerum
850 3929 887 3988 in
941 3926 1052 3989 dinem
1066 3926 1253 3990 habetcum
1269 3927 1373 4000 terra,
1391 3927 1631 4004 regnataque
1650 3925 1742 3986 assi·

90 4019 212 4096 ignem,
227 4022 359 4100 quando
379 4021 460 4085 lacit
480 4022 649 4085 hominem
673 4040 812 4101 peccare
827 4040 887 4102 per
940 4024 1077 4087 milatur
1090 4025 1370 4103 aquoe,sanguine
1380 4023 1437 4101 qui
1461 4022 1573 4084 allinis
1587 4022 1637 4085 est
1652 4022 1737 4095 aeri,

91 4118 185 4192 ham,
201 4119 261 4181 aut
274 4119 451 4183 avaritiam
470 4122 504 4184 et
524 4121 728 4200 hujusmodi.
748 4122 888 4200 projicit
941 4123 1077 4184 cholera
1097 4137 1170 4198 qua
1190 4121 1318 4183 accedit
1340 4119 1381 4182 ad
1402 4120 1526 4197 ignem.
1551 4120 1592 4181 m
1606 4119 1655 4181 sic
1668 4119 1742 4181 tra-

91 4214 127 4276 in
147 4232 280 4294 aquam,
305 4217 436 4296 quando
456 4217 536 4280 lacit
554 4217 721 4280 hominem
747 4235 887 4296 peccare
942 4219 1023 4280 dunt
1043 4218 1077 4280 et
1096 4218 1243 4280 tractant
1257 4217 1294 4289 ii,
1321 4233 1403 4295 quos
1422 4215 1528 4295 agitat
1548 4216 1613 4281 iste
1629 4215 1736 4288 labor,

92 4328 150 4388 per
167 4315 349 4386 luxuriam,
372 4315 406 4378 et
419 4314 622 4392 hmusmodi.
638 4317 773 4377 Daemon
788 4317 889 4378 verat
942 4314 1028 4394 quod
1047 4315 1206 4392 quamdiu
1226 4313 1384 4376 humores
1402 4314 1460 4375 isti
1474 4315 1510 4375 in
1530 4330 1592 4376 suo
1603 4314 1692 4375 statu
1706 4313 1740 4379 et

93 4407 261 4474 hominem
280 4412 501 4490 spiritualiter
512 4412 645 4489 quando
659 4411 798 4488 instigat
811 4428 886 4474 eum
941 4411 1162 4490 temperantia
1183 4426 1223 4472 ac
1241 4409 1434 4485 integritate
1452 4410 1646 4486 perdurant,
1663 4425 1743 4471 cor-

93 4506 132 4567 ad
143 4508 278 4573 diversa
288 4509 382 4572 vitia.
393 4508 487 4572 Unde
497 4508 683 4586 legimusin
693 4509 885 4585 Evangelio,
942 4525 1004 4588 pus
1018 4509 1200 4571 humanum
1217 4507 1252 4568 in
1272 4506 1417 4568 sanitate
1431 4506 1561 4581 integra
1576 4521 1739 4584 perseve-

94 4606 176 4680 quod
197 4608 341 4669 Satanas
361 4606 514 4669 introivit
534 4606 570 4667 in
597 4606 717 4668 ludam
741 4607 775 4669 et
796 4606 888 4668 misit
942 4609 1005 4669 rat.
1028 4606 1091 4669 Sed
1113 4621 1157 4667 ex
1175 4605 1388 4682 corruptione
1407 4604 1549 4666 istorum
1561 4604 1742 4671 humorum

94 4700 127 4762 in
148 4720 207 4766 cor
230 4706 321 4782 ejus,
342 4705 379 4767 ut
401 4704 549 4766 traderet
572 4706 697 4769 lesum.
727 4703 782 4766 Sic
808 4702 889 4768 lacit
942 4705 1001 4766 aut
1013 4703 1158 4782 alicujus
1173 4717 1300 4775 eorum,
1317 4700 1458 4764 diversae
1473 4702 1672 4780 perveniunt
1686 4703 1742 4767 in·-

95 4796 189 4864 hodie
209 4801 334 4871 multis,
360 4801 490 4880 quando
512 4801 650 4878 instigat
663 4817 722 4865 eos
736 4801 777 4864 ad
795 4801 889 4880 rapi·
942 4801 1124 4864 firmitates.
1149 4801 1189 4863 nt
1205 4800 1235 4863 si
1258 4799 1334 4879 quis
1351 4799 1453 4862 vellet
1472 4800 1535 4865 hoc
1550 4816 1617 4863 non
1629 4800 1748 4864 minus

96 4901 217 4963 aanor
232 4915 372 4977 pugnas,
389 4899 430 4961 ad
444 4899 520 4961 lites
532 4898 565 4961 et
579 4898 779 4975 hujusmodi.
795 4901 887 4963 Hor·
942 4898 1074 4961 curiose
1095 4914 1196 4977 quam
1220 4896 1364 4963 sollicite
1388 4898 1422 4960 et
1450 4897 1617 4961 subtiliter
1642 4899 1742 4962 inda-

95 4993 235 5061 ribiliter
248 4997 378 5061 damon
396 4998 498 5058 vexat
518 4996 686 5058 hominem
699 4996 735 5057 in
750 5012 888 5074 egressu
942 5012 1034 5074 gare,
1057 4994 1170 5075 posset
1192 4993 1347 5058 fortassis
1362 4997 1395 5056 et
1409 4994 1446 5057 in
1460 4996 1573 5061 anima
1592 4996 1742 5061 infirmi-

97 5094 213 5158 animae
242 5096 283 5158 de
308 5111 458 5174 corpore,
488 5093 568 5172 quia
589 5095 669 5156 tunc
690 5094 819 5157 reducit
845 5095 887 5158 ad
942 5096 1028 5157 tates
1042 5094 1155 5156 varias
1172 5092 1337 5165 invenire,
1357 5108 1496 5170 quarum
1511 5093 1742 5170 aliam-posset

98 5194 287 5256 memoriam
301 5196 374 5270 ejus
389 5192 501 5255 omnia
511 5192 646 5270 peccata
662 5207 736 5270 quae
752 5192 842 5266 lecit,
856 5196 889 5256 et
943 5193 1101 5270 adaptare
1113 5189 1198 5252 febri
1213 5191 1396 5269 quartanae,
1413 5191 1514 5252 aliam
1528 5190 1692 5262 tertianae,
1707 5192 1741 5252 et

98 5286 173 5350 tuno
197 5292 329 5354 videtur
351 5290 480 5352 daemon
500 5305 574 5351 osse
599 5287 782 5361 horribilis,
811 5292 888 5368 quia
942 5291 1043 5354 aliam
1068 5288 1282 5367 quotidianae,
1304 5288 1338 5351 et
1356 5288 1460 5349 sicin
1483 5286 1624 5350 caeteris.
1653 5286 1744 5351 Nam

98 5390 191 5451 uocat
204 5389 350 5451 animam
361 5387 403 5448 ad
414 5387 588 5465 supplicia.
604 5386 698 5450 Unde
706 5386 886 5450 ieremias:
943 5389 1029 5452 sicut
1041 5402 1162 5465 corpus
1177 5386 1329 5449 consistit
1341 5399 1384 5448 es
1398 5384 1541 5461 quatuor
1553 5383 1739 5458 elementis,

99 5482 173 5547 non
195 5488 248 5549 est
270 5489 329 5562 put
350 5486 546 5549 cormotetur
563 5500 641 5548 eam
659 5499 706 5547 ce
734 5487 889 5548 omnibus
944 5488 977 5549 st
990 5487 1026 5547 in
1046 5485 1188 5564 quatuor
1211 5481 1418 5553 humoribus,
1444 5481 1490 5543 ita
1515 5480 1549 5543 et
1569 5481 1639 5543 tres
1662 5483 1741 5546 sunt

101 5585 187 5647 varis
207 5588 293 5658 etus.
319 5586 444 5648 Omnes
459 5585 564 5646 amici
587 5585 662 5655 ajars
680 5583 889 5659 spreverant
944 5584 1115 5649 naturales
1134 5582 1225 5645 vires
1238 5581 1296 5644 aut
1307 5577 1464 5658 potentiae
1480 5577 1600 5641 aniruae
1615 5577 1650 5639 in
1665 5580 1742 5659 qui-
