3960 6188
240 310 300 376 959

704 303 881 368 HONORII
903 304 948 366 III
969 302 1119 365 OPERA.
1133 332 1174 347 ·-
1190 301 1424 366 SERMONES.

1836 307 1900 367 wo

241 471 308 535 nisi
323 470 493 533 charitas?
508 471 554 531 De
567 470 809 547 quoloannes:
825 468 1038 529 Deuccbcri·
1091 463 1180 540 ignis
1212 463 1349 528 malitiae
1379 465 1523 529 mentem
1557 463 1713 528 involvit
1745 465 1898 528 3133313

241 570 439 643 1333331331
452 567 569 629 333331
584 569 620 627 tn
634 564 859 635 charitatem
872 567 943 625 Deo
957 565 1037 625 md·

241 668 312 739 331,
329 667 498 741 31133313
514 679 553 726 33
568 660 706 742 (11333.
723 677 768 729 13,
783 659 846 739 ld).
861 663 947 736 Ergo
963 660 1039 737 qui-

243 778 383 841 cumque
411 762 482 824 vult
507 761 645 836 diligere
673 762 788 829 Deum,
815 757 887 819 vult
913 756 1038 817 babere

242 862 448 924 charitatem.
465 857 621 921 Probatio
640 871 720 933 ergo
735 853 922 916 dilectionis
937 853 1037 914 exbi-

240 958 323 1021 bitio
337 959 389 1020 est
402 957 523 1034 operis.
541 954 634 1017 Unde
647 957 794 1016 1333333
812 953 848 1013 13
870 951 1037 1029 Epistola:

243 1060 306 1125 our
333 1055 426 1126 dicit,
455 1057 537 1127 quio
555 1055 657 1128 diligo
676 1054 797 1122 Deum,
823 1049 1040 1113 3133331313

242 1158 317 1228 3133
343 1167 412 1214 333
439 1150 596 1222 custodit,
625 1151 779 1211 mendas
806 1148 859 1210 cst
887 1144 1037 1226 (11333.

243 1267 280 1324 3,
296 1250 342 1329 1).

283 1351 369 1409 Vere
384 1346 472 1408 enim
485 1344 666 1420 diligimus,
678 1343 707 1404 si
721 1342 877 1404 mandata
892 1343 1041 1419 3133333-

241 1461 370 1509 ramus.
385 1447 471 1505 Vere
489 1441 670 1517 diligimus,
696 1440 724 1502 si
744 1455 764 1502 a
781 1440 906 1502 nostris
920 1439 1041 1516 volup-

243 1542 366 1606 tatibus
379 1556 440 1602 nos
457 1540 675 1601 coarctamus.
689 1539 775 1599 Nam
786 1537 843 1614 qui
858 1536 966 1597 adbuc
981 1551 1042 1613 per

243 1640 361 1701 illicita
374 1637 539 1699 desideria
554 1636 679 1707 1311311,
700 1633 847 1711 33313313
867 1649 932 1695 333
952 1634 1042 1694 amat

243 1736 429 1806 Dominum,
444 1735 522 1812 quia
545 1733 577 1793 ei
586 1733 622 1793 in
639 1748 700 1793 sua
724 1732 892 1793 voluntate
907 1732 1043 1792 contra·

244 1833 334 1894 dicit.
352 1831 416 1893 Sed
444 1845 521 1891 ecce
544 1829 574 1890 31
599 1829 826 1905 unusquisque
844 1829 985 1905 requirit
998 1844 1040 1888 an

244 1930 362 2006 diligat
382 1931 498 1999 Deum,
514 1929 584 1988 tota
605 1926 727 1987 fiducia
745 1925 778 1987 et
794 1940 912 1987 secura
933 1925 1042 1986 mente

243 2025 425 2104 respondit,
441 2028 554 2102 dtttgo.

284 2124 423 2186 Dilectio
442 2122 585 2200 proximi
608 2121 642 2182 iu
663 2120 791 2183 duobus
819 2120 981 2192 consistit,
1008 2119 1044 2181 ut

243 2222 355 2283 omnia
374 2219 535 2281 faciamus
558 2218 621 2291 illi,
644 2234 717 2295 333
739 2218 902 2290 volumus,
927 2217 964 2279 ut
984 2216 1043 2278 ille

243 2318 346 2380 iaciat
357 2316 464 2390 nobis,
480 2318 514 2378 et
525 2315 609 2377 nibil
624 2315 703 2377 mali
718 2315 879 2376 iaciamus
891 2315 942 2376 illi
956 2314 1042 2392 quod

244 2416 285 2477 ab
313 2415 372 2477 illo
399 2413 553 2476 nolumus
590 2413 670 2490 pati.
706 2412 799 2474 Unde
819 2412 977 2474 Dominus
1007 2412 1042 2473 in

243 2512 451 2588 Evangelio:
477 2513 600 2573 Omoto
624 2524 844 2584 quoecumque
868 2510 973 2571 331113
1003 2510 1044 2571 ut

242 2610 374 2686 1331331
396 2611 490 2673 vobis
513 2612 679 2681 1331313333,
708 2608 743 2669 31
769 2622 830 2670 333
851 2608 954 2682 133113
976 2609 1042 2670 titis

245 2705 376 2786 (Mattb.
389 2722 448 2778 vu,
473 2705 537 2785 12).
554 2707 594 2767 111
611 2705 646 2767 13
658 2704 761 2767 Tobia
778 2727 786 2766 ε
803 2707 896 2772 Quod
909 2708 951 2766 ob
964 2708 1043 2767 attia

243 2807 359 2866 oderis
372 2803 431 2865 1111
444 2805 623 2876 1133131313
632 2818 676 2865 uc
687 2805 870 2876 3113333313
884 2803 1043 2875 13133133

244 2896 465 2978 3113311Τ313.
490 2916 539 2972 rv,
568 2897 632 2978 td).
657 2898 776 2959 Tribus
798 2899 909 2960 autem
935 2899 1042 2960 modis

244 2997 432 3073 diligendus
447 2998 498 3059 est
507 2995 696 3074 proximus:
710 2995 896 3058 ministerio
909 2995 1043 3071 largita·

215 3078 222 3089 ’
243 3093 298 3166 tis,
315 3093 549 3156 exhortatione
572 3092 743 3164 doctrinae,
760 3093 793 3155 et
810 3092 957 3154 modesta
973 3107 1043 3154 cor·

243 3189 403 3251 rectione.
424 3189 610 3251 Minisierio
626 3189 801 3264 largitatis,
818 3188 949 3264 quando
964 3187 1044 3249 sub-

243 3287 394 3348 venimus
408 3286 560 3363 proximo
582 3285 617 3346 13
637 3284 902 3357 necessitatibus,
915 3286 945 3346 si
959 3301 1044 3362 pau-

243 3399 304 3461 per
321 3383 382 3454 331,
399 3382 552 3444 1333313
570 3381 825 3460 eleemosynam,
849 3382 878 3443 si
890 3382 1042 3459 indigens

244 3480 297 3541 est
311 3479 476 3556 adJutorio
497 3479 623 3551 nostro,
645 3478 834 3557 adjuvando
854 3494 940 3541 eum.
957 3482 1043 3541 Nam

244 3577 323 3639 3331
334 3575 429 3638 multi
443 3575 499 3654 qui
510 3575 591 3637 solis
600 3575 711 3637 verbis
722 3575 865 3652 diligunt
873 3576 1042 3653 proximos

244 3692 334 3739 suos.
363 3674 457 3737 Unde
484 3676 630 3738 1333333
657 3674 694 3734 13
722 3673 891 3750 Epistola:
918 3677 1040 3747 1111311,

244 3787 313 3834 non
340 3776 523 3847 culpamus
545 3775 659 3843 verbo,
695 3786 804 3845 neque
826 3774 954 3846 lingua,
981 3773 1042 3832 sed

244 3883 348 3944 opere
362 3870 395 3930 31
410 3869 558 3931 conlate
576 3866 713 3946 (11333.
730 3882 781 3936 33,
798 3864 1042 3945 1811313313-

244 3964 335 4027 tione
349 3966 519 4038 doctrinae,
543 3963 674 4042 quando
689 3963 904 4025 admonemus
926 3964 1044 4041 proxi·

243 4077 335 4122 mum
358 4063 507 4124 nostrum
524 4061 566 4122 ad
588 4076 670 4138 opus
692 4059 826 4122 bonum.
849 4059 944 4123 Unde
962 4059 1043 4123 dicit

243 4156 360 4218 heatus
384 4157 595 4232 Gregorius:
620 4174 639 4217 c
661 4158 741 4219 Plus
765 4159 816 4220 est
838 4158 981 4220 mentem
1006 4159 1042 4219 in

245 4255 406 4316 arternum
434 4253 598 4315 victuram
628 4254 755 4316 coelesti
783 4271 869 4332 pane
891 4254 1040 4324 3313333,

244 4367 343 4430 quarn
375 4351 525 4414 ventrem
560 4351 730 4414 moriture
763 4352 875 4415 carnis
909 4353 1041 4415 terreno

243 4464 330 4526 pane
345 4449 479 4511 satiare.
494 4447 671 4512 »modesta
681 4451 898 4523 correctione,
911 4450 1041 4527 quando

243 4544 394 4607 videntes
416 4544 604 4622 proximum
632 4547 781 4608 nostrum
807 4562 957 4623 peccare,
983 4563 1041 4608 se·

244 4644 335 4703 creto
358 4642 555 4719 corripimus
584 4658 670 4705 eum.
696 4644 789 4706 Unde
817 4644 976 4705 Dominus
1006 4644 1042 4706 13

244 4737 423 4814 Evangelio
438 4760 446 4800 :
462 4741 499 4801 St
513 4739 758 4812 333333331113
773 4741 1039 4815 testatoribus,

243 4838 331 4896 eade
344 4837 378 4896 31
387 4838 524 4910 compe
542 4837 778 4900 3331313313
805 4838 1040 4913 3113333133-

244 4935 316 4992 lum
330 4928 460 5008 (1131113.
476 4947 572 5000 xum,
586 4932 651 5013 15).

285 5026 379 5089 Unde
392 5026 584 5088 Ambrosius
597 5046 635 5089 :a
650 5031 825 5094 Proximos
841 5033 950 5094 autem
963 5033 1041 5095 tunc

245 5123 413 5199 diligimus
427 5124 513 5184 sicut
531 5139 603 5196 nos,
628 5125 658 5186 si
678 5142 745 5187 non
757 5129 892 5205 propter
905 5131 1041 5207 accepta

244 5217 415 5290 beneficia,
431 5221 486 5282 vel
501 5221 643 5297 sperata,
663 5222 721 5284 sed
733 5227 869 5302 propter
881 5225 944 5287 boc
958 5230 1039 5288 tau-

245 5315 413 5377 tummodo
436 5317 522 5392 quod
542 5318 620 5379 sunt
642 5319 771 5382 naturae
789 5322 913 5385 nostrae
935 5324 1042 5401 parti-

246 5425 315 5485 pes.
331 5412 482 5488 acquirit
491 5414 591 5475 etiam
606 5414 722 5487 illium,
734 5417 789 5477 cui
801 5416 919 5481 fratem
929 5421 1041 5497 acqui·

247 5505 292 5565 rit
311 5522 449 5567 amor.»
470 5511 516 5572 De
539 5526 604 5586 333
628 5526 741 5574 amore
764 5513 811 5576 ait
834 5517 1037 5592 Gregorius:

248 5600 373 5661 381331
400 5602 486 5679 ignis
521 5608 643 5668 amoris
679 5609 821 5673 mentem
856 5612 965 5688 erigit,
993 5615 1039 5677 ita

1092 564 1195 623 Deum
1218 564 1331 624 nostra
1358 563 1394 625 in
1415 563 1511 625 nobis
1533 564 1621 624 mala
1642 564 1894 641 prosequimur,

1092 659 1259 735 diligendo
1271 662 1382 722 autem
1400 661 1600 738 proximum,
1615 662 1659 733 ei,
1677 661 1714 720 in
1728 676 1798 736 quo
1813 677 1895 737 pos-

1093 774 1217 830 sumus,
1229 757 1385 834 prodesse
1396 756 1603 820 festinamus.
1615 759 1687 819 Nec
1700 760 1792 819 Deus
1803 758 1895 819 enirn

1092 870 1172 917 vere
1187 855 1259 915 sine
1272 855 1434 932 proximo,
1447 870 1509 916 nec
1521 855 1707 932 proximus,
1720 870 1805 915 3333
1820 854 1900 916 dili-

1094 952 1184 1027 gitur
1197 953 1270 1013 sine
1285 955 1363 1013 Deo.
1378 954 1449 1014 »ut
1461 952 1628 1013 Basilius:
1645 969 1663 1010 ‹
1680 954 1901 1030 Unaquaeque

1093 1050 1216 1121 anima,
1233 1050 1393 1127 quantum
1403 1049 1470 1111 1313
1482 1049 1584 1112 133311
1597 1050 1633 1110 13
1647 1065 1770 1111 amore
1786 1051 1902 1126 proxi·

1094 1148 1151 1220 mi,
1176 1148 1303 1210 1331333
1328 1149 1394 1209 3311
1420 1148 1520 1209 altior
1547 1147 1582 1208 13
1606 1147 1806 1223 cognitione
1827 1148 1896 1208 1131.

1095 1244 1157 1318 Qui
1175 1245 1284 1321 diligit
1297 1245 1495 1322 proximum,
1514 1244 1551 1305 in
1572 1244 1824 1321 tranquillitate
1846 1248 1894 1305 331

1095 1343 1206 1404 anima
1228 1342 1261 1403 et
1281 1357 1339 1403 cor
1361 1344 1445 1419 eius.
1463 1342 1657 1403 Proximum
1677 1357 1766 1403 vero
1785 1342 1898 1404 odiens

1097 1440 1290 1517 tempestate
1320 1438 1543 1501 circumdatus
1568 1441 1630 1501 est.
1666 1440 1749 1501 Non
1783 1440 1900 1516 poterit

1095 1539 1198 1598 Deum
1208 1536 1359 1612 diligere,
1367 1536 1899 1614 quinosciturinproximiamore

1095 1650 1220 1697 errare.
1237 1632 1622 1696 Discretionisbouorum
1636 1634 1778 1695 estnon
1793 1633 1900 1694 odisse

1096 1748 1255 1809 personas
1265 1731 1323 1793 sed
1338 1731 1464 1808 culpas,
1488 1732 1520 1793 et
1534 1732 1626 1793 recta
1644 1746 1708 1808 pro
1724 1730 1899 1793 131313333

1096 1843 1264 1905 spernere,
1293 1827 1351 1889 sed
1378 1825 1531 1904 probare,
1563 1826 1709 1903 331331
1731 1826 1901 1902 diligimus

1096 1925 1284 2002 proximum
1298 1939 1478 2002 purgamus
1491 1923 1624 1985 oculum
1649 1923 1695 1984 31
1721 1923 1900 1985 31133133

1096 2025 1246 2084 Deum»

1137 2119 1293 2197 Sequitur
1309 2141 1316 2179 :
1330 2120 1377 2181 nt
1393 2121 1438 2181 od
1452 2134 1532 2180 cum
1543 2121 1737 2191 occieaws,
1755 2119 1793 2180 31
1806 2134 1901 2179 moa-

1095 2221 1228 2280 saonem
1248 2220 1340 2293 3331
1359 2232 1439 2280 eum
1452 2220 1617 2292 foctcnus.
1634 2216 1823 2279 Sciendum
1843 2218 1897 2286 est

1097 2314 1184 2391 quod
1195 2315 1337 2391 quatuor
1351 2315 1457 2375 modis
1478 2314 1638 2375 Dominus
1661 2313 1760 2375 venit
1774 2314 1816 2375 ad
1830 2330 1897 2374 nos.

1097 2412 1210 2473 Primo
1230 2413 1263 2473 et
1283 2411 1399 2473 ultimo
1429 2411 1521 2473 33311
1541 2411 1663 2485 semel;
1694 2410 1848 2472 secundo
1866 2411 1898 2471 et

1096 2509 1206 2580 tertio,
1222 2508 1314 2570 33311
1327 2524 1427 2586 saepe.
1448 2509 1560 2569 Primo
1573 2508 1668 2570 33311
1686 2508 1724 2569 13
1738 2508 1896 2569 mundun

1096 2607 1138 2668 ad
1153 2607 1429 2682 redemptionem:
1443 2606 1560 2667 ultimo
1580 2606 1672 2667 venit
1685 2607 1723 2666 13
1733 2606 1896 2683 judicium

1097 2703 1138 2766 ad
1160 2703 1429 2778 retributionem
1451 2703 1596 2764 secundo
1618 2703 1716 2765 33311
1739 2703 1777 2764 13
1804 2720 1895 2764 3333-

1096 2802 1163 2862 tem
1186 2800 1228 2862 ad
1254 2799 1567 2875 sanctificationem:
1594 2801 1696 2862 tertio
1732 2802 1828 2862 venit
1860 2800 1895 2861 ad

1097 2914 1231 2960 carnem
1258 2898 1393 2975 propter
1423 2897 1686 2960 dissolutionem.
1717 2899 1767 2959 De
1796 2899 1895 2975 primo

1096 2995 1246 3071 legitur:
1276 2996 1461 3057 1331133311
1485 3000 1585 3058 caelos
1610 2997 1645 3057 et
1669 2996 1895 3057 1333331131

1096 3093 1187 3155 33311
1219 3092 1255 3153 13
1290 3094 1420 3154 uterum
1455 3092 1614 3168 Virginis.
1649 3094 1699 3153 De
1722 3091 1894 3154 31113313

1096 3189 1299 3266 Evangelio:
1316 3193 1403 3251 Cum
1419 3190 1555 3252 venerit
1564 3192 1673 3251 111133
1690 3193 1844 3251 bominis
1858 3193 1890 3250 13

1096 3288 1280 3361 moestae
1301 3301 1367 3349 333
1385 3286 1419 3349 31
1439 3301 1559 3348 omncs
1580 3290 1696 3362 333311
1722 3290 1802 3359 circs
1821 3303 1893 3347 cusa

1097 3399 1136 3447 33
1165 3383 1296 3464 (Μ31113.
1323 3399 1403 3456 xxv,
1433 3380 1498 3462 31).
1519 3385 1566 3445 De
1589 3382 1765 3444 secundo:
1792 3384 1837 3445 111
1856 3386 1894 3444 31

1096 3496 1176 3543 cum
1203 3484 1392 3553 veniemus,
1411 3481 1446 3542 et
1465 3483 1683 3542 marcionem
1706 3484 1803 3556 opud
1824 3496 1895 3543 3333

1096 3576 1385 3654 13313333311333.
1401 3593 1470 3650 xrv,
1486 3576 1551 3657 23).
1569 3579 1615 3638 De
1629 3577 1731 3638 133113
1746 3577 1895 3639 similiter

1096 3674 1131 3735 in
1145 3674 1349 3750 Evangelio:
1370 3678 1456 3736 Cum
1477 3674 1677 3747 reuerita!
1693 3674 1893 3750 pausaverit,

1096 3773 1276 3846 confestim
1294 3772 1453 3847 operteat
1468 3775 1501 3832 31
1518 3770 1611 3850 (Luc.
1627 3786 1690 3842 33,
1705 3772 1776 3847 36).
1793 3771 1894 3841 Venit,

1096 3868 1133 3929 ut
1147 3869 1294 3930 animam
1309 3884 1408 3946 quam
1424 3868 1526 3937 dedit,
1543 3868 1704 3945 accipiat;
1726 3868 1848 3945 pulsat,
1862 3870 1894 3929 ul

1096 3981 1156 4043 per
1175 3966 1287 4027 carnis
1308 3965 1573 4028 molestationem
1595 3966 1737 4027 mortem
1754 3965 1895 4027 vicinam

1096 4062 1281 4125 annuntiet.

1135 4162 1255 4221 Moneo
1265 4175 1326 4222 vos
1341 4175 1431 4236 ergo,
1448 4158 1580 4232 tratres,
1595 4160 1646 4221 sic
1658 4160 1778 4221 sumite
1788 4159 1895 4222 cibum

1095 4257 1207 4331 istum,
1229 4258 1266 4318 ut
1283 4255 1496 4332 reficiamini:
1519 4256 1568 4318 sic
1584 4258 1718 4333 gustate
1737 4260 1775 4318 ut
1793 4258 1893 4319 satie-

1096 4354 1194 4429 mini;
1211 4353 1261 4417 sic
1283 4353 1407 4427 audite,
1424 4355 1461 4416 ut
1474 4353 1686 4430 intelligatis:
1709 4354 1760 4416 sic
1777 4355 1896 4416 intelli·

1095 4451 1415 4528 gite,utoperemini.
1426 4450 1751 4528 Quideuimprodest
1759 4452 1895 4514 313333-

1096 4564 1168 4609 sam
1189 4548 1318 4610 deliciis
1337 4548 1469 4625 plenam
1489 4547 1695 4620 recumbere,
1711 4550 1746 4610 et
1760 4549 1803 4610 de
1818 4549 1891 4626 ipsis

1095 4645 1225 4706 deliciis
1236 4644 1320 4705 nibil
1333 4644 1465 4721 3331133
1475 4644 1670 4720 degustaret
1681 4647 1723 4707 Et
1732 4646 1814 4723 quid
1824 4661 1894 4724 pro-

1096 4741 1164 4803 ilcit
1183 4742 1225 4803 ad
1246 4757 1395 4803 mensam
1414 4756 1519 4803 sacrae
1535 4742 1717 4818 scripturae
1743 4744 1892 4805 continue

1096 4840 1223 4910 sedere,
1240 4854 1338 4916 quam
1357 4838 1560 4916 praeparavit
1576 4841 1665 4899 Deus
1684 4839 1893 4917 diligentibus

1095 4952 1142 5008 se,
1157 4937 1190 4998 et
1203 4951 1277 4997 eam
1291 4936 1459 5012 tamquam
1477 4935 1557 4997 tolia
1571 4936 1708 4997 assidue
1721 4938 1890 5007 ruminari,

1095 5032 1242 5095 Diversis
1258 5032 1438 5110 Scripturas
1454 5033 1627 5094 sententiis
1641 5032 1819 5108 delectari,
1833 5051 1893 5096 333

1095 5129 1254 5191 ditatione
1287 5130 1424 5190 assidua
1447 5129 1489 5190 ad
1512 5144 1571 5191 cor
1598 5129 1705 5190 altum
1728 5132 1890 5203 accedere,
1960 5182 1961 5205 ,

1094 5227 1151 5288 ubi
1171 5225 1374 5288 exaltabitur
1395 5229 1493 5298 Deus,
1518 5225 1681 5303 parietem
1703 5227 1829 5291 litterae
1850 5230 1893 5291 lo-
1960 5220 1961 5225 ’

1095 5324 1184 5397 1333,
1201 5324 1237 5385 31
1249 5322 1289 5384 31
1302 5323 1467 5386 interiora
1481 5324 1591 5385 valeat
1601 5324 1737 5385 animus
1747 5326 1889 5397 introire,
1959 5332 1960 5335 ’

1095 5421 1293 5498 sapientiam
1315 5418 1461 5481 scribere
1486 5419 1521 5480 in
1543 5420 1694 5497 ternpore
1708 5423 1889 5494 vacuitatis,
1959 5422 1960 5489 1

1094 5519 1128 5580 31
1146 5517 1315 5579 immorari
1337 5517 1415 5580 actu
1437 5517 1474 5578 ut
1498 5516 1662 5594 percipiat
1685 5519 1887 5596 sapientiam,

1095 5615 1212 5677 ethaeo
1227 5614 1339 5675 onmia
1361 5615 1528 5693 tamquam
1547 5614 1648 5675 113333
1668 5616 1701 5676 31
1721 5615 1804 5678 lolia
1818 5616 1889 5678 odo-
