<?xml version="1.0" encoding="UTF-8"?>
<!DOCTYPE html PUBLIC "-//W3C//DTD XHTML 1.0 Transitional//EN"
    "http://www.w3.org/TR/xhtml1/DTD/xhtml1-transitional.dtd">
<html xmlns="http://www.w3.org/1999/xhtml" xml:lang="en" lang="en">
 <head>
  <title>
</title>
<meta http-equiv="Content-Type" content="text/html;charset=utf-8" />
  <meta name='ocr-system' content='tesseract 3.04.00' />
  <meta name='ocr-capabilities' content='ocr_page ocr_carea ocr_par ocr_line ocrx_word'/>
</head>
<body>
  <div class='ocr_page' id='page_1' title='image "./mediiaevibiblio07bottgoog/mediiaevibiblio07bottgoog_0447.png"; bbox 0 0 3952 6188; ppageno 0'>
   <div class='ocr_carea' id='block_1_1' title="bbox 217 239 1886 307">
    <p class='ocr_par' dir='ltr' id='par_1_1' title="bbox 217 239 1886 307">
     <span class='ocr_line' id='line_1_1' title="bbox 217 239 1886 307; baseline 0.003 -5"><span class='ocrx_word' id='word_1_1' title='bbox 217 239 278 302; x_wconf 81' lang='lat'>815</span> <span class='ocrx_word' id='word_1_2' title='bbox 684 244 861 306; x_wconf 85' lang='lat' dir='ltr'>HONORII</span> <span class='ocrx_word' id='word_1_3' title='bbox 883 243 928 305; x_wconf 89' lang='lat'>111</span> <span class='ocrx_word' id='word_1_4' title='bbox 950 243 1098 304; x_wconf 78' lang='lat' dir='ltr'><strong>OPERA.</strong></span> <span class='ocrx_word' id='word_1_5' title='bbox 1114 271 1152 287; x_wconf 89' lang='lat'>··</span> <span class='ocrx_word' id='word_1_6' title='bbox 1169 244 1401 307; x_wconf 84' lang='lat' dir='ltr'>SERMONES.</span> <span class='ocrx_word' id='word_1_7' title='bbox 1825 243 1886 307; x_wconf 72' lang='lat' dir='ltr'>sie</span> 
     </span>
    </p>
   </div>
   <div class='ocr_carea' id='block_1_2' title="bbox 217 400 1881 580">
    <p class='ocr_par' dir='ltr' id='par_1_2' title="bbox 217 400 1881 580">
     <span class='ocr_line' id='line_1_2' title="bbox 217 400 1879 482; baseline 0.001 -21"><span class='ocrx_word' id='word_1_8' title='bbox 217 400 425 477; x_wconf 87' lang='lat' dir='ltr'>patientiam,</span> <span class='ocrx_word' id='word_1_9' title='bbox 446 402 625 481; x_wconf 79' lang='lat' dir='ltr'>justitiam,</span> <span class='ocrx_word' id='word_1_10' title='bbox 650 403 684 464; x_wconf 93' lang='lat' dir='ltr'>et</span> <span class='ocrx_word' id='word_1_11' title='bbox 712 402 867 479; x_wconf 84' lang='lat' dir='ltr'>gratiam.</span> <span class='ocrx_word' id='word_1_12' title='bbox 890 401 1017 465; x_wconf 82' lang='lat' dir='ltr'>Mundi·</span> <span class='ocrx_word' id='word_1_13' title='bbox 1071 402 1235 480; x_wconf 82' lang='lat' dir='ltr'>quomodo</span> <span class='ocrx_word' id='word_1_14' title='bbox 1249 402 1395 465; x_wconf 87' lang='lat' dir='ltr'>membra</span> <span class='ocrx_word' id='word_1_15' title='bbox 1408 405 1492 481; x_wconf 80' lang='lat' dir='ltr'>ejus,</span> <span class='ocrx_word' id='word_1_16' title='bbox 1507 400 1616 466; x_wconf 83' lang='lat' dir='ltr'>Judael</span> <span class='ocrx_word' id='word_1_17' title='bbox 1630 400 1879 482; x_wconf 81' lang='lat' dir='ltr'>aliquidrope.</span> 
     </span>
     <span class='ocr_line' id='line_1_3' title="bbox 217 498 1881 580; baseline 0.002 -21"><span class='ocrx_word' id='word_1_18' title='bbox 217 498 312 570; x_wconf 86' lang='lat' dir='ltr'>tiam,</span> <span class='ocrx_word' id='word_1_19' title='bbox 327 499 405 576; x_wconf 87' lang='lat' dir='ltr'>quia</span> <span class='ocrx_word' id='word_1_20' title='bbox 418 500 505 562; x_wconf 86' lang='lat' dir='ltr'>sicut</span> <span class='ocrx_word' id='word_1_21' title='bbox 525 501 598 561; x_wconf 85' lang='lat' dir='ltr'>sine</span> <span class='ocrx_word' id='word_1_22' title='bbox 620 500 755 577; x_wconf 86' lang='lat' dir='ltr'>peccato</span> <span class='ocrx_word' id='word_1_23' title='bbox 774 503 952 580; x_wconf 80' lang='lat' dir='ltr'>conceptus</span> <span class='ocrx_word' id='word_1_24' title='bbox 966 502 1017 563; x_wconf 87' lang='grc' dir='ltr'>θεῖ</span> <span class='ocrx_word' id='word_1_25' title='bbox 1070 501 1139 561; x_wconf 87' lang='lat' dir='ltr'>rire</span> <span class='ocrx_word' id='word_1_26' title='bbox 1153 502 1307 578; x_wconf 85' lang='lat' dir='ltr'>possenti</span> <span class='ocrx_word' id='word_1_27' title='bbox 1327 501 1390 563; x_wconf 88' lang='lat' dir='ltr'>Sed</span> <span class='ocrx_word' id='word_1_28' title='bbox 1413 501 1488 579; x_wconf 91' lang='lat' dir='ltr'>pius</span> <span class='ocrx_word' id='word_1_29' title='bbox 1512 501 1675 562; x_wconf 89' lang='lat' dir='ltr'>Dominus</span> <span class='ocrx_word' id='word_1_30' title='bbox 1694 516 1764 562; x_wconf 90' lang='lat' dir='ltr'>non</span> <span class='ocrx_word' id='word_1_31' title='bbox 1785 501 1881 563; x_wconf 88' lang='lat' dir='ltr'>dedi.</span> 
     </span>
    </p>
   </div>
   <div class='ocr_carea' id='block_1_3' title="bbox 116 596 1881 676">
    <p class='ocr_par' dir='ltr' id='par_1_3' title="bbox 116 596 1881 676">
     <span class='ocr_line' id='line_1_4' title="bbox 116 596 1881 676; baseline 0.002 -19"><span class='ocrx_word' id='word_1_32' title='bbox 116 614 119 619; x_wconf 71' lang='grc'>’</span> <span class='ocrx_word' id='word_1_33' title='bbox 217 596 251 657; x_wconf 89' lang='lat' dir='ltr'>et</span> <span class='ocrx_word' id='word_1_34' title='bbox 275 598 383 670; x_wconf 86' lang='lat' dir='ltr'>natus,</span> <span class='ocrx_word' id='word_1_35' title='bbox 409 597 457 658; x_wconf 89' lang='lat' dir='ltr'>ita</span> <span class='ocrx_word' id='word_1_36' title='bbox 478 598 550 660; x_wconf 91' lang='lat' dir='ltr'>sine</span> <span class='ocrx_word' id='word_1_37' title='bbox 573 600 710 674; x_wconf 87' lang='lat' dir='ltr'>peccato</span> <span class='ocrx_word' id='word_1_38' title='bbox 729 598 814 661; x_wconf 81' lang='lat' dir='ltr'>vixit</span> <span class='ocrx_word' id='word_1_39' title='bbox 830 599 865 660; x_wconf 94' lang='lat' dir='ltr'>in</span> <span class='ocrx_word' id='word_1_40' title='bbox 880 598 1014 672; x_wconf 91' lang='lat' dir='ltr'>mundo,</span> <span class='ocrx_word' id='word_1_41' title='bbox 1069 598 1191 674; x_wconf 92' lang='lat' dir='ltr'>gnatur</span> <span class='ocrx_word' id='word_1_42' title='bbox 1205 612 1248 660; x_wconf 82' lang='lat' dir='ltr'>ex</span> <span class='ocrx_word' id='word_1_43' title='bbox 1268 599 1398 661; x_wconf 88' lang='lat' dir='ltr'>ratione</span> <span class='ocrx_word' id='word_1_44' title='bbox 1410 598 1586 660; x_wconf 88' lang='lat' dir='ltr'>ostendere</span> <span class='ocrx_word' id='word_1_45' title='bbox 1602 615 1639 660; x_wconf 86' lang='lat' dir='ltr'>se</span> <span class='ocrx_word' id='word_1_46' title='bbox 1660 601 1881 676; x_wconf 85' lang='lat' dir='ltr'>peecatorem</span> 
     </span>
    </p>
   </div>
   <div class='ocr_carea' id='block_1_4' title="bbox 173 693 1962 5247">
    <p class='ocr_par' dir='ltr' id='par_1_4' title="bbox 173 693 1962 5247">
     <span class='ocr_line' id='line_1_5' title="bbox 218 693 1879 773; baseline 0.003 -19"><span class='ocrx_word' id='word_1_47' title='bbox 218 693 304 757; x_wconf 88' lang='lat' dir='ltr'>sieut</span> <span class='ocrx_word' id='word_1_48' title='bbox 339 694 419 756; x_wconf 87' lang='lat' dir='ltr'>dicit</span> <span class='ocrx_word' id='word_1_49' title='bbox 442 696 561 756; x_wconf 89' lang='lat' dir='ltr'>Petrus</span> <span class='ocrx_word' id='word_1_50' title='bbox 590 696 626 757; x_wconf 89' lang='lat' dir='ltr'>in</span> <span class='ocrx_word' id='word_1_51' title='bbox 657 696 803 773; x_wconf 81' lang='lat' dir='ltr'><strong>Epistola</strong></span> <span class='ocrx_word' id='word_1_52' title='bbox 831 697 1013 759; x_wconf 88' lang='lat' dir='ltr'>canonica:</span> <span class='ocrx_word' id='word_1_53' title='bbox 1070 711 1137 757; x_wconf 91' lang='lat' dir='ltr'>non</span> <span class='ocrx_word' id='word_1_54' title='bbox 1151 696 1376 758; x_wconf 83' lang='lat' dir='ltr'>essedicens:</span> <span class='ocrx_word' id='word_1_55' title='bbox 1391 699 1474 764; x_wconf 72' lang='grc' dir='ltr'>θεῖε</span> <span class='ocrx_word' id='word_1_56' title='bbox 1492 711 1540 758; x_wconf 79' lang='lat' dir='ltr'>ex</span> <span class='ocrx_word' id='word_1_57' title='bbox 1555 699 1653 758; x_wconf 80' lang='lat' dir='ltr'>vobis</span> <span class='ocrx_word' id='word_1_58' title='bbox 1664 698 1795 773; x_wconf 73' lang='lat' dir='ltr'>uranei</span> <span class='ocrx_word' id='word_1_59' title='bbox 1818 711 1879 759; x_wconf 84' lang='lat' dir='ltr'>me</span> 
     </span>
     <span class='ocr_line' id='line_1_6' title="bbox 217 778 1690 869; baseline -0.001 -12"><span class='ocrx_word' id='word_1_60' title='bbox 217 791 281 857; x_wconf 79' lang='grc' dir='ltr'>Οεε·</span> <span class='ocrx_word' id='word_1_61' title='bbox 291 792 471 865; x_wconf 64' lang='lat' dir='ltr'>percnum</span> <span class='ocrx_word' id='word_1_62' title='bbox 484 793 654 867; x_wconf 71' lang='lat' dir='ltr'>nontecit,</span> <span class='ocrx_word' id='word_1_63' title='bbox 670 796 841 857; x_wconf 80' lang='lat' dir='ltr'>necdoins</span> <span class='ocrx_word' id='word_1_64' title='bbox 855 794 1016 856; x_wconf 79' lang='lat' dir='ltr'>inventus</span> <span class='ocrx_word' id='word_1_65' title='bbox 1069 795 1110 855; x_wconf 80' lang='lat' dir='ltr'>dc</span> <span class='ocrx_word' id='word_1_66' title='bbox 1122 793 1284 869; x_wconf 76' lang='lat' dir='ltr'>peccaret</span> <span class='ocrx_word' id='word_1_67' title='bbox 1686 778 1690 785; x_wconf 69' lang='grc'><strong>’</strong></span> 
     </span>
     <span class='ocr_line' id='line_1_7' title="bbox 217 888 1879 969; baseline 0.002 -20"><span class='ocrx_word' id='word_1_68' title='bbox 217 889 270 950; x_wconf 84' lang='grc' dir='ltr'>θεῖ</span> <span class='ocrx_word' id='word_1_69' title='bbox 283 891 321 949; x_wconf 87' lang='lat' dir='ltr'>in</span> <span class='ocrx_word' id='word_1_70' title='bbox 334 903 395 950; x_wconf 79' lang='lat' dir='ltr'>ore</span> <span class='ocrx_word' id='word_1_71' title='bbox 410 892 487 961; x_wconf 72' lang='grc' dir='ltr'>εἐε</span> <span class='ocrx_word' id='word_1_72' title='bbox 509 888 594 968; x_wconf 89' lang='grc' dir='ltr'>(Ρθῖ.</span> <span class='ocrx_word' id='word_1_73' title='bbox 620 905 657 959; x_wconf 86' lang='lat'>11,</span> <span class='ocrx_word' id='word_1_74' title='bbox 681 888 747 969; x_wconf 76' lang='lat'>22).</span> <span class='ocrx_word' id='word_1_75' title='bbox 770 892 810 952; x_wconf 84' lang='lat' dir='ltr'>Et</span> <span class='ocrx_word' id='word_1_76' title='bbox 823 891 902 954; x_wconf 86' lang='lat' dir='ltr'>licet</span> <span class='ocrx_word' id='word_1_77' title='bbox 916 890 1016 953; x_wconf 84' lang='lat' dir='ltr'>tuerit</span> <span class='ocrx_word' id='word_1_78' title='bbox 1109 889 1246 968; x_wconf 82' lang='lat' dir='ltr'>Triplex</span> <span class='ocrx_word' id='word_1_79' title='bbox 1272 890 1323 952; x_wconf 90' lang='grc' dir='ltr'>θεῖ</span> <span class='ocrx_word' id='word_1_80' title='bbox 1359 890 1562 967; x_wconf 87' lang='lat' dir='ltr'>peecatum:</span> <span class='ocrx_word' id='word_1_81' title='bbox 1590 889 1738 968; x_wconf 85' lang='lat' dir='ltr'>primum</span> <span class='ocrx_word' id='word_1_82' title='bbox 1769 890 1879 966; x_wconf 84' lang='lat' dir='ltr'>origi-</span> 
     </span>
     <span class='ocr_line' id='line_1_8' title="bbox 217 983 1879 1065; baseline 0.002 -20"><span class='ocrx_word' id='word_1_83' title='bbox 217 983 364 1047; x_wconf 86' lang='lat' dir='ltr'>humana</span> <span class='ocrx_word' id='word_1_84' title='bbox 379 1001 481 1047; x_wconf 89' lang='lat' dir='ltr'>carne</span> <span class='ocrx_word' id='word_1_85' title='bbox 494 987 646 1059; x_wconf 78' lang='lat' dir='ltr'>vestitus,</span> <span class='ocrx_word' id='word_1_86' title='bbox 669 1003 736 1049; x_wconf 92' lang='lat' dir='ltr'>non</span> <span class='ocrx_word' id='word_1_87' title='bbox 751 986 814 1050; x_wconf 83' lang='lat' dir='ltr'>luit</span> <span class='ocrx_word' id='word_1_88' title='bbox 827 988 938 1051; x_wconf 90' lang='lat' dir='ltr'>tamen</span> <span class='ocrx_word' id='word_1_89' title='bbox 950 988 1016 1050; x_wconf 90' lang='lat' dir='ltr'>hu·</span> <span class='ocrx_word' id='word_1_90' title='bbox 1069 988 1156 1060; x_wconf 87' lang='lat' dir='ltr'>nale,</span> <span class='ocrx_word' id='word_1_91' title='bbox 1173 987 1357 1049; x_wconf 88' lang='lat' dir='ltr'>seeundum</span> <span class='ocrx_word' id='word_1_92' title='bbox 1380 987 1570 1065; x_wconf 85' lang='lat' dir='ltr'>personale,</span> <span class='ocrx_word' id='word_1_93' title='bbox 1595 988 1734 1049; x_wconf 85' lang='lat' dir='ltr'>tertium</span> <span class='ocrx_word' id='word_1_94' title='bbox 1758 988 1879 1064; x_wconf 81' lang='lat' dir='ltr'>singn-</span> 
     </span>
     <span class='ocr_line' id='line_1_9' title="bbox 216 1081 1878 1162; baseline 0.003 -20"><span class='ocrx_word' id='word_1_95' title='bbox 216 1098 315 1143; x_wconf 87' lang='lat' dir='ltr'>mana</span> <span class='ocrx_word' id='word_1_96' title='bbox 329 1081 510 1159; x_wconf 83' lang='lat' dir='ltr'>fragilitate</span> <span class='ocrx_word' id='word_1_97' title='bbox 525 1084 680 1162; x_wconf 89' lang='lat' dir='ltr'>pollutus.</span> <span class='ocrx_word' id='word_1_98' title='bbox 696 1085 790 1148; x_wconf 91' lang='lat' dir='ltr'>Unde</span> <span class='ocrx_word' id='word_1_99' title='bbox 801 1085 873 1162; x_wconf 88' lang='lat' dir='ltr'>ipse</span> <span class='ocrx_word' id='word_1_100' title='bbox 885 1085 1015 1148; x_wconf 89' lang='lat' dir='ltr'>dicebat</span> <span class='ocrx_word' id='word_1_101' title='bbox 1068 1084 1149 1145; x_wconf 90' lang='lat' dir='ltr'>lare.</span> <span class='ocrx_word' id='word_1_102' title='bbox 1164 1084 1335 1162; x_wconf 81' lang='lat' dir='ltr'>originale</span> <span class='ocrx_word' id='word_1_103' title='bbox 1355 1086 1406 1147; x_wconf 89' lang='grc' dir='ltr'>θεῖ</span> <span class='ocrx_word' id='word_1_104' title='bbox 1419 1083 1502 1146; x_wconf 90' lang='lat' dir='ltr'>illud</span> <span class='ocrx_word' id='word_1_105' title='bbox 1517 1084 1552 1146; x_wconf 91' lang='lat' dir='ltr'>in</span> <span class='ocrx_word' id='word_1_106' title='bbox 1576 1101 1643 1162; x_wconf 77' lang='lat' dir='ltr'>quo</span> <span class='ocrx_word' id='word_1_107' title='bbox 1659 1083 1878 1161; x_wconf 75' lang='lat' dir='ltr'>peccavimus</span> 
     </span>
     <span class='ocr_line' id='line_1_10' title="bbox 214 1180 1875 1261; baseline -0.001 -18"><span class='ocrx_word' id='word_1_108' title='bbox 214 1180 352 1254; x_wconf 86' lang='lat' dir='ltr'>Judaeis,</span> <span class='ocrx_word' id='word_1_109' title='bbox 365 1181 400 1241; x_wconf 92' lang='lat' dir='ltr'>in</span> <span class='ocrx_word' id='word_1_110' title='bbox 415 1181 595 1259; x_wconf 77' lang='lat' dir='ltr'>Evangelio</span> <span class='ocrx_word' id='word_1_111' title='bbox 605 1181 691 1260; x_wconf 82' lang='lat' dir='ltr'>quod</span> <span class='ocrx_word' id='word_1_112' title='bbox 704 1182 845 1244; x_wconf 87' lang='lat' dir='ltr'>audistis</span> <span class='ocrx_word' id='word_1_113' title='bbox 856 1185 953 1250; x_wconf 80' lang='lat' dir='ltr'>:onis</span> <span class='ocrx_word' id='word_1_114' title='bbox 967 1199 1015 1246; x_wconf 74' lang='lat' dir='ltr'>en</span> <span class='ocrx_word' id='word_1_115' title='bbox 1069 1197 1196 1255; x_wconf 89' lang='lat' dir='ltr'>omnes,</span> <span class='ocrx_word' id='word_1_116' title='bbox 1210 1184 1244 1245; x_wconf 87' lang='lat' dir='ltr'>et</span> <span class='ocrx_word' id='word_1_117' title='bbox 1258 1198 1317 1261; x_wconf 94' lang='lat' dir='ltr'>pro</span> <span class='ocrx_word' id='word_1_118' title='bbox 1333 1198 1397 1260; x_wconf 84' lang='lat' dir='ltr'>quo</span> <span class='ocrx_word' id='word_1_119' title='bbox 1420 1182 1583 1244; x_wconf 86' lang='lat' dir='ltr'>morimur</span> <span class='ocrx_word' id='word_1_120' title='bbox 1603 1181 1772 1243; x_wconf 79' lang='lat' dir='ltr'>universi.</span> <span class='ocrx_word' id='word_1_121' title='bbox 1786 1183 1875 1243; x_wconf 88' lang='lat' dir='ltr'>Per-</span> 
     </span>
     <span class='ocr_line' id='line_1_11' title="bbox 215 1278 1874 1357; baseline 0.001 -19"><span class='ocrx_word' id='word_1_122' title='bbox 215 1281 309 1339; x_wconf 84' lang='lat' dir='ltr'>oobis</span> <span class='ocrx_word' id='word_1_123' title='bbox 323 1280 447 1355; x_wconf 70' lang='lat' dir='ltr'>aranei</span> <span class='ocrx_word' id='word_1_124' title='bbox 461 1294 517 1341; x_wconf 87' lang='grc' dir='ltr'>εεε</span> <span class='ocrx_word' id='word_1_125' title='bbox 530 1281 722 1355; x_wconf 70' lang='lat' dir='ltr'>deprecato</span> <span class='ocrx_word' id='word_1_126' title='bbox 734 1281 857 1354; x_wconf 88' lang='lat' dir='ltr'>lQuasi</span> <span class='ocrx_word' id='word_1_127' title='bbox 868 1281 1012 1344; x_wconf 88' lang='lat' dir='ltr'>diceret:</span> <span class='ocrx_word' id='word_1_128' title='bbox 1069 1280 1184 1343; x_wconf 87' lang='lat' dir='ltr'>sonale</span> <span class='ocrx_word' id='word_1_129' title='bbox 1204 1280 1266 1352; x_wconf 88' lang='grc' dir='ltr'>θεῖ,</span> <span class='ocrx_word' id='word_1_130' title='bbox 1283 1295 1358 1341; x_wconf 89' lang='lat' dir='ltr'>cum</span> <span class='ocrx_word' id='word_1_131' title='bbox 1369 1283 1439 1357; x_wconf 82' lang='lat' dir='ltr'>jam</span> <span class='ocrx_word' id='word_1_132' title='bbox 1459 1279 1582 1341; x_wconf 79' lang='lat' dir='ltr'>laxatis</span> <span class='ocrx_word' id='word_1_133' title='bbox 1601 1278 1747 1341; x_wconf 79' lang='lat' dir='ltr'>habenis</span> <span class='ocrx_word' id='word_1_134' title='bbox 1772 1278 1874 1340; x_wconf 74' lang='lat' dir='ltr'>exhi-</span> 
     </span>
     <span class='ocr_line' id='line_1_12' title="bbox 214 1375 1874 1455; baseline -0.001 -17"><span class='ocrx_word' id='word_1_135' title='bbox 214 1378 348 1438; x_wconf 82' lang='lat' dir='ltr'>Nuiins.</span> <span class='ocrx_word' id='word_1_136' title='bbox 370 1377 456 1437; x_wconf 91' lang='lat' dir='ltr'>Nam</span> <span class='ocrx_word' id='word_1_137' title='bbox 478 1378 641 1454; x_wconf 84' lang='lat' dir='ltr'>quomodo</span> <span class='ocrx_word' id='word_1_138' title='bbox 669 1377 777 1441; x_wconf 86' lang='lat' dir='ltr'>Judaei</span> <span class='ocrx_word' id='word_1_139' title='bbox 807 1378 1013 1441; x_wconf 82' lang='lat' dir='ltr'>salvatorem</span> <span class='ocrx_word' id='word_1_140' title='bbox 1068 1377 1186 1439; x_wconf 89' lang='lat' dir='ltr'>bemus</span> <span class='ocrx_word' id='word_1_141' title='bbox 1211 1377 1358 1455; x_wconf 84' lang='lat' dir='ltr'>undique</span> <span class='ocrx_word' id='word_1_142' title='bbox 1376 1375 1524 1438; x_wconf 90' lang='lat' dir='ltr'>membra</span> <span class='ocrx_word' id='word_1_143' title='bbox 1546 1378 1672 1448; x_wconf 83' lang='lat' dir='ltr'>nostra,</span> <span class='ocrx_word' id='word_1_144' title='bbox 1684 1392 1783 1437; x_wconf 89' lang='lat' dir='ltr'>arma</span> <span class='ocrx_word' id='word_1_145' title='bbox 1801 1377 1874 1438; x_wconf 90' lang='lat' dir='ltr'>ini·</span> 
     </span>
     <span class='ocr_line' id='line_1_13' title="bbox 216 1472 1871 1554; baseline 0.001 -21"><span class='ocrx_word' id='word_1_146' title='bbox 216 1472 384 1534; x_wconf 72' lang='lat' dir='ltr'>munditie</span> <span class='ocrx_word' id='word_1_147' title='bbox 399 1475 534 1551; x_wconf 84' lang='lat' dir='ltr'>peccato</span> <span class='ocrx_word' id='word_1_148' title='bbox 551 1490 694 1551; x_wconf 90' lang='lat' dir='ltr'>arguere</span> <span class='ocrx_word' id='word_1_149' title='bbox 712 1477 856 1553; x_wconf 78' lang='lat' dir='ltr'><strong>possent,</strong></span> <span class='ocrx_word' id='word_1_150' title='bbox 872 1476 900 1537; x_wconf 90' lang='lat' dir='ltr'>si</span> <span class='ocrx_word' id='word_1_151' title='bbox 915 1477 1012 1554; x_wconf 90' lang='lat' dir='ltr'>prin·</span> <span class='ocrx_word' id='word_1_152' title='bbox 1068 1475 1204 1553; x_wconf 79' lang='lat' dir='ltr'>quitatis</span> <span class='ocrx_word' id='word_1_153' title='bbox 1216 1477 1362 1553; x_wconf 88' lang='lat' dir='ltr'>peceato,</span> <span class='ocrx_word' id='word_1_154' title='bbox 1385 1490 1453 1537; x_wconf 89' lang='lat' dir='ltr'>non</span> <span class='ocrx_word' id='word_1_155' title='bbox 1474 1473 1571 1536; x_wconf 90' lang='lat' dir='ltr'>modo</span> <span class='ocrx_word' id='word_1_156' title='bbox 1581 1478 1654 1552; x_wconf 78' lang='lat' dir='ltr'>jam</span> <span class='ocrx_word' id='word_1_157' title='bbox 1673 1474 1800 1546; x_wconf 83' lang='lat' dir='ltr'>aheno,</span> <span class='ocrx_word' id='word_1_158' title='bbox 1812 1472 1871 1535; x_wconf 79' lang='lat' dir='ltr'>red</span> 
     </span>
     <span class='ocr_line' id='line_1_14' title="bbox 215 1571 1875 1651; baseline 0.001 -20"><span class='ocrx_word' id='word_1_159' title='bbox 215 1585 293 1646; x_wconf 87' lang='lat' dir='ltr'>ceps</span> <span class='ocrx_word' id='word_1_160' title='bbox 309 1571 434 1639; x_wconf 89' lang='lat' dir='ltr'>mundi,</span> <span class='ocrx_word' id='word_1_161' title='bbox 447 1571 545 1642; x_wconf 89' lang='lat' dir='ltr'>idest,</span> <span class='ocrx_word' id='word_1_162' title='bbox 559 1572 711 1635; x_wconf 88' lang='lat' dir='ltr'>diabolus</span> <span class='ocrx_word' id='word_1_163' title='bbox 725 1574 767 1633; x_wconf 91' lang='lat' dir='ltr'>ad</span> <span class='ocrx_word' id='word_1_164' title='bbox 782 1589 858 1634; x_wconf 89' lang='lat' dir='ltr'>eum</span> <span class='ocrx_word' id='word_1_165' title='bbox 874 1574 1013 1635; x_wconf 80' lang='lat' dir='ltr'>veniens</span> <span class='ocrx_word' id='word_1_166' title='bbox 1068 1573 1202 1651; x_wconf 85' lang='lat' dir='ltr'>proprio</span> <span class='ocrx_word' id='word_1_167' title='bbox 1215 1573 1355 1634; x_wconf 88' lang='lat' dir='ltr'>crimine</span> <span class='ocrx_word' id='word_1_168' title='bbox 1369 1571 1590 1633; x_wconf 85' lang='lat' dir='ltr'>condemnati.</span> <span class='ocrx_word' id='word_1_169' title='bbox 1603 1571 1788 1648; x_wconf 84' lang='lat' dir='ltr'>singulare</span> <span class='ocrx_word' id='word_1_170' title='bbox 1798 1586 1875 1648; x_wconf 84' lang='lat' dir='ltr'>pec·</span> 
     </span>
     <span class='ocr_line' id='line_1_15' title="bbox 216 1667 1871 1748; baseline 0.001 -21"><span class='ocrx_word' id='word_1_171' title='bbox 216 1667 302 1728; x_wconf 92' lang='lat' dir='ltr'>nihil</span> <span class='ocrx_word' id='word_1_172' title='bbox 316 1668 352 1729; x_wconf 92' lang='lat' dir='ltr'>in</span> <span class='ocrx_word' id='word_1_173' title='bbox 366 1683 406 1729; x_wconf 91' lang='grc' dir='ltr'>θο</span> <span class='ocrx_word' id='word_1_174' title='bbox 423 1668 686 1745; x_wconf 77' lang='lat' dir='ltr'>reprehensibile</span> <span class='ocrx_word' id='word_1_175' title='bbox 700 1670 839 1743; x_wconf 86' lang='lat' dir='ltr'>invenit,</span> <span class='ocrx_word' id='word_1_176' title='bbox 857 1670 930 1748; x_wconf 91' lang='lat' dir='ltr'>ipso</span> <span class='ocrx_word' id='word_1_177' title='bbox 943 1674 1013 1734; x_wconf 92' lang='lat' dir='ltr'>Do·</span> <span class='ocrx_word' id='word_1_178' title='bbox 1068 1671 1178 1732; x_wconf 88' lang='lat' dir='ltr'>catum</span> <span class='ocrx_word' id='word_1_179' title='bbox 1205 1670 1440 1746; x_wconf 85' lang='lat' dir='ltr'>gravissimum</span> <span class='ocrx_word' id='word_1_180' title='bbox 1461 1669 1512 1730; x_wconf 89' lang='grc' dir='ltr'>θεῖ</span> <span class='ocrx_word' id='word_1_181' title='bbox 1536 1668 1623 1746; x_wconf 79' lang='lat' dir='ltr'>quod</span> <span class='ocrx_word' id='word_1_182' title='bbox 1655 1669 1871 1731; x_wconf 82' lang='lat' dir='ltr'>commissum</span> 
     </span>
     <span class='ocr_line' id='line_1_16' title="bbox 217 1763 1869 1844; baseline 0.001 -20"><span class='ocrx_word' id='word_1_183' title='bbox 217 1763 308 1825; x_wconf 92' lang='lat' dir='ltr'>mino</span> <span class='ocrx_word' id='word_1_184' title='bbox 327 1765 422 1837; x_wconf 88' lang='lat' dir='ltr'>teste,</span> <span class='ocrx_word' id='word_1_185' title='bbox 445 1765 502 1841; x_wconf 88' lang='lat' dir='ltr'>qui</span> <span class='ocrx_word' id='word_1_186' title='bbox 524 1764 696 1843; x_wconf 86' lang='lat' dir='ltr'>discipulis</span> <span class='ocrx_word' id='word_1_187' title='bbox 719 1767 825 1828; x_wconf 88' lang='lat' dir='ltr'>dixit:</span> <span class='ocrx_word' id='word_1_188' title='bbox 843 1770 925 1830; x_wconf 82' lang='lat' dir='ltr'>Jam</span> <span class='ocrx_word' id='word_1_189' title='bbox 944 1783 1013 1830; x_wconf 89' lang='lat' dir='ltr'>non</span> <span class='ocrx_word' id='word_1_190' title='bbox 1067 1768 1117 1830; x_wconf 85' lang='grc' dir='ltr'>θεῖ</span> <span class='ocrx_word' id='word_1_191' title='bbox 1131 1767 1165 1827; x_wconf 95' lang='lat' dir='ltr'>in</span> <span class='ocrx_word' id='word_1_192' title='bbox 1180 1767 1355 1828; x_wconf 91' lang='lat' dir='ltr'>Dominum</span> <span class='ocrx_word' id='word_1_193' title='bbox 1376 1766 1572 1844; x_wconf 84' lang='lat' dir='ltr'>majestatis,</span> <span class='ocrx_word' id='word_1_194' title='bbox 1589 1781 1665 1826; x_wconf 89' lang='lat' dir='ltr'>cum</span> <span class='ocrx_word' id='word_1_195' title='bbox 1686 1765 1754 1826; x_wconf 80' lang='lat' dir='ltr'>viri</span> <span class='ocrx_word' id='word_1_196' title='bbox 1775 1764 1869 1841; x_wconf 87' lang='lat' dir='ltr'>impii</span> 
     </span>
     <span class='ocr_line' id='line_1_17' title="bbox 215 1861 1870 1941; baseline 0.002 -20"><span class='ocrx_word' id='word_1_197' title='bbox 215 1862 326 1924; x_wconf 78' lang='lat' dir='ltr'>muita</span> <span class='ocrx_word' id='word_1_198' title='bbox 344 1867 465 1935; x_wconf 75' lang='lat' dir='ltr'>loquor</span> <span class='ocrx_word' id='word_1_199' title='bbox 478 1865 668 1935; x_wconf 69' lang='lat' dir='ltr'>vobiscumr</span> <span class='ocrx_word' id='word_1_200' title='bbox 689 1864 784 1925; x_wconf 85' lang='lat' dir='ltr'>venit</span> <span class='ocrx_word' id='word_1_201' title='bbox 797 1867 892 1926; x_wconf 84' lang='lat' dir='ltr'>enim</span> <span class='ocrx_word' id='word_1_202' title='bbox 904 1868 1012 1939; x_wconf 79' lang='lat' dir='ltr'>prin·</span> <span class='ocrx_word' id='word_1_203' title='bbox 1066 1865 1176 1927; x_wconf 74' lang='lat' dir='ltr'>virum</span> <span class='ocrx_word' id='word_1_204' title='bbox 1213 1864 1341 1941; x_wconf 81' lang='lat' dir='ltr'>justum</span> <span class='ocrx_word' id='word_1_205' title='bbox 1382 1863 1507 1941; x_wconf 88' lang='lat' dir='ltr'>injuste</span> <span class='ocrx_word' id='word_1_206' title='bbox 1550 1861 1757 1925; x_wconf 85' lang='lat' dir='ltr'>occiderunt.</span> <span class='ocrx_word' id='word_1_207' title='bbox 1800 1865 1870 1924; x_wconf 82' lang='lat' dir='ltr'>Hoc</span> 
     </span>
     <span class='ocr_line' id='line_1_18' title="bbox 215 1959 1867 2038; baseline 0.001 -20"><span class='ocrx_word' id='word_1_208' title='bbox 215 1961 429 2031; x_wconf 80' lang='lat' dir='ltr'>repsmnnoi</span> <span class='ocrx_word' id='word_1_209' title='bbox 442 1962 545 2033; x_wconf 74' lang='grc' dir='ltr'>Ιεεεε</span> <span class='ocrx_word' id='word_1_210' title='bbox 558 1960 593 2020; x_wconf 84' lang='lat' dir='ltr'>et</span> <span class='ocrx_word' id='word_1_211' title='bbox 606 1962 790 2022; x_wconf 73' lang='lat' dir='ltr'>inmersere</span> <span class='ocrx_word' id='word_1_212' title='bbox 802 1961 902 2023; x_wconf 82' lang='lat' dir='ltr'>imbet</span> <span class='ocrx_word' id='word_1_213' title='bbox 915 1964 1014 2037; x_wconf 80' lang='lat' dir='ltr'>qnid-</span> <span class='ocrx_word' id='word_1_214' title='bbox 1067 1964 1178 2024; x_wconf 90' lang='lat' dir='ltr'>tamen</span> <span class='ocrx_word' id='word_1_215' title='bbox 1206 1963 1239 2023; x_wconf 86' lang='lat' dir='ltr'>et</span> <span class='ocrx_word' id='word_1_216' title='bbox 1270 1961 1379 2038; x_wconf 90' lang='lat' dir='ltr'>ipsum</span> <span class='ocrx_word' id='word_1_217' title='bbox 1414 1959 1558 2022; x_wconf 90' lang='lat' dir='ltr'>deletum</span> <span class='ocrx_word' id='word_1_218' title='bbox 1592 1962 1644 2021; x_wconf 89' lang='grc' dir='ltr'>θεῖ</span> <span class='ocrx_word' id='word_1_219' title='bbox 1673 1975 1736 2036; x_wconf 88' lang='lat' dir='ltr'>per</span> <span class='ocrx_word' id='word_1_220' title='bbox 1760 1960 1867 2038; x_wconf 87' lang='lat' dir='ltr'>ipsum</span> 
     </span>
     <span class='ocr_line' id='line_1_19' title="bbox 215 2054 1870 2138; baseline 0.002 -22"><span class='ocrx_word' id='word_1_221' title='bbox 215 2070 321 2128; x_wconf 79' lang='lat' dir='ltr'>onum</span> <span class='ocrx_word' id='word_1_222' title='bbox 334 2054 445 2134; x_wconf 84' lang='lat' dir='ltr'>(Joan.</span> <span class='ocrx_word' id='word_1_223' title='bbox 460 2070 530 2129; x_wconf 81' lang='lat' dir='ltr'>nv,</span> <span class='ocrx_word' id='word_1_224' title='bbox 543 2055 610 2137; x_wconf 88' lang='lat'><strong>30).</strong></span> <span class='ocrx_word' id='word_1_225' title='bbox 1067 2059 1124 2137; x_wconf 85' lang='lat' dir='ltr'>qui</span> <span class='ocrx_word' id='word_1_226' title='bbox 1148 2075 1184 2122; x_wconf 82' lang='lat' dir='ltr'>se</span> <span class='ocrx_word' id='word_1_227' title='bbox 1207 2060 1379 2138; x_wconf 87' lang='lat' dir='ltr'>peecatum</span> <span class='ocrx_word' id='word_1_228' title='bbox 1400 2057 1488 2129; x_wconf 85' lang='lat' dir='ltr'>lecit,</span> <span class='ocrx_word' id='word_1_229' title='bbox 1500 2058 1538 2119; x_wconf 94' lang='lat' dir='ltr'>ut</span> <span class='ocrx_word' id='word_1_230' title='bbox 1555 2056 1597 2119; x_wconf 90' lang='lat' dir='ltr'>de</span> <span class='ocrx_word' id='word_1_231' title='bbox 1622 2059 1761 2134; x_wconf 77' lang='lat' dir='ltr'>peccato</span> <span class='ocrx_word' id='word_1_232' title='bbox 1776 2057 1870 2118; x_wconf 86' lang='lat' dir='ltr'>dam-</span> 
     </span>
     <span class='ocr_line' id='line_1_20' title="bbox 254 2152 1897 2235; baseline 0.001 -23"><span class='ocrx_word' id='word_1_233' title='bbox 254 2152 414 2230; x_wconf 87' lang='lat' dir='ltr'>Princeps</span> <span class='ocrx_word' id='word_1_234' title='bbox 437 2153 538 2231; x_wconf 87' lang='lat' dir='ltr'>hujus</span> <span class='ocrx_word' id='word_1_235' title='bbox 557 2154 672 2216; x_wconf 89' lang='lat' dir='ltr'>mundi</span> <span class='ocrx_word' id='word_1_236' title='bbox 699 2154 851 2218; x_wconf 89' lang='lat' dir='ltr'>diabolus</span> <span class='ocrx_word' id='word_1_237' title='bbox 872 2158 932 2229; x_wconf 89' lang='grc' dir='ltr'>θεῖ,</span> <span class='ocrx_word' id='word_1_238' title='bbox 956 2156 1013 2235; x_wconf 86' lang='lat' dir='ltr'>qui</span> <span class='ocrx_word' id='word_1_239' title='bbox 1067 2156 1173 2217; x_wconf 90' lang='lat' dir='ltr'>maret</span> <span class='ocrx_word' id='word_1_240' title='bbox 1188 2157 1370 2232; x_wconf 87' lang='lat' dir='ltr'>peceatum.</span> <span class='ocrx_word' id='word_1_241' title='bbox 1393 2158 1459 2216; x_wconf 88' lang='lat' dir='ltr'>Per</span> <span class='ocrx_word' id='word_1_242' title='bbox 1480 2155 1544 2215; x_wconf 85' lang='lat' dir='ltr'>hoc</span> <span class='ocrx_word' id='word_1_243' title='bbox 1571 2153 1867 2231; x_wconf 86' lang='lat' dir='ltr'>enimomnepee-</span> <span class='ocrx_word' id='word_1_244' title='bbox 1894 2197 1897 2201; x_wconf 68' lang='lat'><strong>.</strong></span> 
     </span>
     <span class='ocr_line' id='line_1_21' title="bbox 214 2249 1868 2328; baseline 0.001 -19"><span class='ocrx_word' id='word_1_245' title='bbox 214 2249 250 2309; x_wconf 96' lang='lat' dir='ltr'>in</span> <span class='ocrx_word' id='word_1_246' title='bbox 265 2251 404 2311; x_wconf 90' lang='lat' dir='ltr'>Domino</span> <span class='ocrx_word' id='word_1_247' title='bbox 418 2253 498 2313; x_wconf 87' lang='lat' dir='ltr'>Jesu</span> <span class='ocrx_word' id='word_1_248' title='bbox 513 2251 597 2312; x_wconf 89' lang='lat' dir='ltr'>nihil</span> <span class='ocrx_word' id='word_1_249' title='bbox 616 2252 756 2326; x_wconf 86' lang='lat' dir='ltr'>invenit,</span> <span class='ocrx_word' id='word_1_250' title='bbox 769 2253 867 2327; x_wconf 88' lang='lat' dir='ltr'>idest,</span> <span class='ocrx_word' id='word_1_251' title='bbox 883 2254 1012 2316; x_wconf 89' lang='lat' dir='ltr'>nullum</span> <span class='ocrx_word' id='word_1_252' title='bbox 1066 2254 1175 2315; x_wconf 84' lang='lat' dir='ltr'>caium</span> <span class='ocrx_word' id='word_1_253' title='bbox 1201 2252 1268 2314; x_wconf 91' lang='lat' dir='ltr'>tam</span> <span class='ocrx_word' id='word_1_254' title='bbox 1294 2252 1457 2328; x_wconf 76' lang='lat' dir='ltr'>originale</span> <span class='ocrx_word' id='word_1_255' title='bbox 1483 2267 1581 2328; x_wconf 89' lang='lat' dir='ltr'>quam</span> <span class='ocrx_word' id='word_1_256' title='bbox 1605 2251 1785 2328; x_wconf 83' lang='lat' dir='ltr'>personale</span> <span class='ocrx_word' id='word_1_257' title='bbox 1809 2250 1868 2311; x_wconf 91' lang='lat' dir='ltr'>de-</span> 
     </span>
     <span class='ocr_line' id='line_1_22' title="bbox 215 2346 1962 2435; baseline 0.001 -29"><span class='ocrx_word' id='word_1_258' title='bbox 215 2346 350 2408; x_wconf 91' lang='lat' dir='ltr'>omnino</span> <span class='ocrx_word' id='word_1_259' title='bbox 364 2349 546 2424; x_wconf 86' lang='lat' dir='ltr'>peccatum,</span> <span class='ocrx_word' id='word_1_260' title='bbox 573 2349 651 2427; x_wconf 84' lang='lat' dir='ltr'>quia</span> <span class='ocrx_word' id='word_1_261' title='bbox 669 2350 725 2428; x_wconf 88' lang='lat' dir='ltr'>qui</span> <span class='ocrx_word' id='word_1_262' title='bbox 740 2350 822 2413; x_wconf 83' lang='lat' dir='ltr'>iacit</span> <span class='ocrx_word' id='word_1_263' title='bbox 841 2353 1012 2428; x_wconf 88' lang='lat' dir='ltr'>peccatum</span> <span class='ocrx_word' id='word_1_264' title='bbox 1067 2349 1239 2422; x_wconf 88' lang='lat' dir='ltr'>letumest,</span> <span class='ocrx_word' id='word_1_265' title='bbox 1255 2350 1289 2411; x_wconf 91' lang='lat' dir='ltr'>et</span> <span class='ocrx_word' id='word_1_266' title='bbox 1302 2349 1411 2426; x_wconf 90' lang='lat' dir='ltr'>ipsum</span> <span class='ocrx_word' id='word_1_267' title='bbox 1426 2364 1556 2426; x_wconf 87' lang='lat' dir='ltr'>quoque</span> <span class='ocrx_word' id='word_1_268' title='bbox 1571 2347 1746 2423; x_wconf 88' lang='lat' dir='ltr'>singulare</span> <span class='ocrx_word' id='word_1_269' title='bbox 1758 2363 1866 2424; x_wconf 85' lang='lat' dir='ltr'>perse</span> <span class='ocrx_word' id='word_1_270' title='bbox 1961 2356 1962 2435; x_wconf 69' lang='lat' dir='ltr'>j</span> 
     </span>
     <span class='ocr_line' id='line_1_23' title="bbox 216 2444 1962 2525; baseline 0.001 -21"><span class='ocrx_word' id='word_1_271' title='bbox 216 2458 334 2505; x_wconf 83' lang='lat' dir='ltr'>servus</span> <span class='ocrx_word' id='word_1_272' title='bbox 349 2444 549 2522; x_wconf 87' lang='lat' dir='ltr'>estpeccati.</span> <span class='ocrx_word' id='word_1_273' title='bbox 563 2448 648 2508; x_wconf 84' lang='lat' dir='ltr'>Nam</span> <span class='ocrx_word' id='word_1_274' title='bbox 663 2448 741 2525; x_wconf 89' lang='lat' dir='ltr'>quia</span> <span class='ocrx_word' id='word_1_275' title='bbox 754 2448 827 2525; x_wconf 89' lang='lat' dir='ltr'>ipse</span> <span class='ocrx_word' id='word_1_276' title='bbox 841 2449 1012 2525; x_wconf 88' lang='lat' dir='ltr'>ingressus</span> <span class='ocrx_word' id='word_1_277' title='bbox 1067 2449 1175 2525; x_wconf 90' lang='lat' dir='ltr'>ipsum</span> <span class='ocrx_word' id='word_1_278' title='bbox 1189 2447 1396 2508; x_wconf 90' lang='lat' dir='ltr'>eliminatum</span> <span class='ocrx_word' id='word_1_279' title='bbox 1410 2448 1471 2508; x_wconf 78' lang='grc' dir='ltr'>θεῖ</span> <span class='ocrx_word' id='word_1_280' title='bbox 1491 2446 1763 2523; x_wconf 81' lang='lat' dir='ltr'>Eooepecoatum</span> <span class='ocrx_word' id='word_1_281' title='bbox 1778 2444 1865 2505; x_wconf 90' lang='lat' dir='ltr'>mul·</span> <span class='ocrx_word' id='word_1_282' title='bbox 1961 2490 1962 2519; x_wconf 73' lang='grc'>,</span> 
     </span>
     <span class='ocr_line' id='line_1_24' title="bbox 217 2541 1962 2622; baseline 0 -20"><span class='ocrx_word' id='word_1_283' title='bbox 217 2543 268 2602; x_wconf 89' lang='grc' dir='ltr'>θεῖ</span> <span class='ocrx_word' id='word_1_284' title='bbox 282 2542 440 2603; x_wconf 91' lang='lat' dir='ltr'>mundum</span> <span class='ocrx_word' id='word_1_285' title='bbox 454 2544 528 2604; x_wconf 88' lang='lat' dir='ltr'>sine</span> <span class='ocrx_word' id='word_1_286' title='bbox 542 2545 685 2617; x_wconf 87' lang='lat' dir='ltr'>macula,</span> <span class='ocrx_word' id='word_1_287' title='bbox 706 2547 740 2608; x_wconf 93' lang='lat' dir='ltr'>et</span> <span class='ocrx_word' id='word_1_288' title='bbox 757 2547 928 2622; x_wconf 89' lang='lat' dir='ltr'>peceatum</span> <span class='ocrx_word' id='word_1_289' title='bbox 945 2562 1012 2609; x_wconf 89' lang='lat' dir='ltr'>nou</span> <span class='ocrx_word' id='word_1_290' title='bbox 1066 2547 1174 2606; x_wconf 90' lang='lat' dir='ltr'>torum</span> <span class='ocrx_word' id='word_1_291' title='bbox 1189 2544 1310 2606; x_wconf 86' lang='lat' dir='ltr'>tulitet</span> <span class='ocrx_word' id='word_1_292' title='bbox 1331 2559 1391 2622; x_wconf 92' lang='lat' dir='ltr'>pro</span> <span class='ocrx_word' id='word_1_293' title='bbox 1405 2541 1711 2619; x_wconf 78' lang='lat' dir='ltr'>transgressoribus</span> <span class='ocrx_word' id='word_1_294' title='bbox 1724 2542 1866 2617; x_wconf 79' lang='lat' dir='ltr'>rogarit,</span> <span class='ocrx_word' id='word_1_295' title='bbox 1961 2544 1962 2559; x_wconf 60' lang='lat'><em>*</em></span> 
     </span>
     <span class='ocr_line' id='line_1_25' title="bbox 215 2636 1866 2720; baseline 0.001 -22"><span class='ocrx_word' id='word_1_296' title='bbox 215 2636 304 2709; x_wconf 84' lang='lat' dir='ltr'>iecit,</span> <span class='ocrx_word' id='word_1_297' title='bbox 330 2640 567 2702; x_wconf 78' lang='lat' dir='ltr'>necinventus</span> <span class='ocrx_word' id='word_1_298' title='bbox 590 2642 641 2702; x_wconf 89' lang='lat' dir='ltr'>est</span> <span class='ocrx_word' id='word_1_299' title='bbox 664 2642 760 2703; x_wconf 92' lang='lat' dir='ltr'>dolus</span> <span class='ocrx_word' id='word_1_300' title='bbox 783 2642 819 2703; x_wconf 92' lang='lat' dir='ltr'>in</span> <span class='ocrx_word' id='word_1_301' title='bbox 845 2657 903 2705; x_wconf 90' lang='lat' dir='ltr'>ore</span> <span class='ocrx_word' id='word_1_302' title='bbox 927 2646 1010 2720; x_wconf 84' lang='lat' dir='ltr'>ejus,</span> <span class='ocrx_word' id='word_1_303' title='bbox 1067 2644 1181 2703; x_wconf 91' lang='lat' dir='ltr'>utnon</span> <span class='ocrx_word' id='word_1_304' title='bbox 1198 2642 1363 2719; x_wconf 88' lang='lat' dir='ltr'>perirent:</span> <span class='ocrx_word' id='word_1_305' title='bbox 1384 2641 1506 2712; x_wconf 81' lang='lat' dir='ltr'>Pater,</span> <span class='ocrx_word' id='word_1_306' title='bbox 1525 2642 1663 2716; x_wconf 74' lang='lat' dir='ltr'>tortosoe</span> <span class='ocrx_word' id='word_1_307' title='bbox 1684 2642 1765 2711; x_wconf 77' lang='lat' dir='ltr'>iilis,</span> <span class='ocrx_word' id='word_1_308' title='bbox 1787 2642 1866 2714; x_wconf 70' lang='grc' dir='ltr'>θεῖε</span> 
     </span>
     <span class='ocr_line' id='line_1_26' title="bbox 215 2734 1760 2815; baseline -0.001 -20"><span class='ocrx_word' id='word_1_309' title='bbox 215 2734 370 2812; x_wconf 87' lang='lat' dir='ltr'>princeps</span> <span class='ocrx_word' id='word_1_310' title='bbox 393 2736 492 2813; x_wconf 88' lang='lat' dir='ltr'>hujus</span> <span class='ocrx_word' id='word_1_311' title='bbox 522 2738 636 2799; x_wconf 91' lang='lat' dir='ltr'>mundi</span> <span class='ocrx_word' id='word_1_312' title='bbox 668 2754 735 2800; x_wconf 91' lang='lat' dir='ltr'>non</span> <span class='ocrx_word' id='word_1_313' title='bbox 768 2738 884 2802; x_wconf 89' lang='lat' dir='ltr'>habuit</span> <span class='ocrx_word' id='word_1_314' title='bbox 909 2741 945 2802; x_wconf 90' lang='lat' dir='ltr'>in</span> <span class='ocrx_word' id='word_1_315' title='bbox 972 2756 1013 2804; x_wconf 93' lang='lat' dir='ltr'>eo</span> <span class='ocrx_word' id='word_1_316' title='bbox 1066 2738 1224 2800; x_wconf 73' lang='lat' dir='ltr'>nescium</span> <span class='ocrx_word' id='word_1_317' title='bbox 1234 2740 1315 2812; x_wconf 80' lang='lat' dir='ltr'>onio</span> <span class='ocrx_word' id='word_1_318' title='bbox 1325 2737 1458 2812; x_wconf 70' lang='lat' dir='ltr'>sonunt</span> <span class='ocrx_word' id='word_1_319' title='bbox 1471 2735 1563 2815; x_wconf 88' lang='lat' dir='ltr'>(Luc.</span> <span class='ocrx_word' id='word_1_320' title='bbox 1579 2750 1678 2806; x_wconf 79' lang='lat' dir='ltr'>um,</span> <span class='ocrx_word' id='word_1_321' title='bbox 1691 2734 1760 2811; x_wconf 76' lang='lat'>34).</span> 
     </span>
     <span class='ocr_line' id='line_1_27' title="bbox 217 2830 1865 2911; baseline 0.001 -19"><span class='ocrx_word' id='word_1_322' title='bbox 217 2832 406 2911; x_wconf 87' lang='lat' dir='ltr'>quidquam,</span> <span class='ocrx_word' id='word_1_323' title='bbox 430 2833 508 2909; x_wconf 87' lang='lat' dir='ltr'>quia</span> <span class='ocrx_word' id='word_1_324' title='bbox 527 2832 562 2894; x_wconf 92' lang='lat' dir='ltr'>in</span> <span class='ocrx_word' id='word_1_325' title='bbox 586 2834 741 2896; x_wconf 90' lang='lat' dir='ltr'>omnibus</span> <span class='ocrx_word' id='word_1_326' title='bbox 761 2836 918 2898; x_wconf 89' lang='lat' dir='ltr'>membris</span> <span class='ocrx_word' id='word_1_327' title='bbox 942 2839 1012 2900; x_wconf 90' lang='lat' dir='ltr'>suis</span> <span class='ocrx_word' id='word_1_328' title='bbox 1106 2835 1192 2897; x_wconf 89' lang='lat' dir='ltr'>Hine</span> <span class='ocrx_word' id='word_1_329' title='bbox 1204 2835 1316 2896; x_wconf 81' lang='lat' dir='ltr'>multae</span> <span class='ocrx_word' id='word_1_330' title='bbox 1325 2834 1471 2895; x_wconf 86' lang='lat' dir='ltr'>miseriae</span> <span class='ocrx_word' id='word_1_331' title='bbox 1481 2830 1743 2911; x_wconf 80' lang='lat' dir='ltr'>corporis3hino</span> <span class='ocrx_word' id='word_1_332' title='bbox 1755 2831 1865 2893; x_wconf 84' lang='lat' dir='ltr'>multae</span> 
     </span>
     <span class='ocr_line' id='line_1_28' title="bbox 217 2929 1863 3009; baseline -0.001 -18"><span class='ocrx_word' id='word_1_333' title='bbox 217 2945 336 3007; x_wconf 87' lang='lat' dir='ltr'>passus</span> <span class='ocrx_word' id='word_1_334' title='bbox 357 2931 418 2998; x_wconf 91' lang='lat' dir='ltr'>est,</span> <span class='ocrx_word' id='word_1_335' title='bbox 441 2930 477 2991; x_wconf 91' lang='lat' dir='ltr'>ut</span> <span class='ocrx_word' id='word_1_336' title='bbox 500 2930 614 2991; x_wconf 89' lang='lat' dir='ltr'>nostra</span> <span class='ocrx_word' id='word_1_337' title='bbox 633 2930 747 2993; x_wconf 89' lang='lat' dir='ltr'>omnia</span> <span class='ocrx_word' id='word_1_338' title='bbox 766 2935 949 3009; x_wconf 82' lang='lat' dir='ltr'>repararet.</span> <span class='ocrx_word' id='word_1_339' title='bbox 972 2936 1013 2997; x_wconf 79' lang='lat' dir='ltr'>ht</span> <span class='ocrx_word' id='word_1_340' title='bbox 1066 2933 1210 2994; x_wconf 85' lang='lat' dir='ltr'>miserioe</span> <span class='ocrx_word' id='word_1_341' title='bbox 1226 2931 1441 3003; x_wconf 75' lang='lat' dir='ltr'>eirdis3hino</span> <span class='ocrx_word' id='word_1_342' title='bbox 1456 2929 1605 3004; x_wconf 88' lang='lat' dir='ltr'>dolores;</span> <span class='ocrx_word' id='word_1_343' title='bbox 1624 2929 1705 2990; x_wconf 88' lang='lat' dir='ltr'>hinc</span> <span class='ocrx_word' id='word_1_344' title='bbox 1719 2930 1863 2992; x_wconf 82' lang='lat' dir='ltr'>misera-</span> 
     </span>
     <span class='ocr_line' id='line_1_29' title="bbox 216 3026 1862 3104; baseline 0.001 -17"><span class='ocrx_word' id='word_1_345' title='bbox 216 3026 314 3087; x_wconf 86' lang='lat' dir='ltr'>inhis</span> <span class='ocrx_word' id='word_1_346' title='bbox 329 3028 441 3089; x_wconf 89' lang='lat' dir='ltr'>tamen</span> <span class='ocrx_word' id='word_1_347' title='bbox 454 3027 606 3090; x_wconf 90' lang='lat' dir='ltr'>omnibus</span> <span class='ocrx_word' id='word_1_348' title='bbox 623 3031 759 3104; x_wconf 87' lang='lat' dir='ltr'>peccata</span> <span class='ocrx_word' id='word_1_349' title='bbox 772 3030 898 3102; x_wconf 75' lang='lat' dir='ltr'>noema,</span> <span class='ocrx_word' id='word_1_350' title='bbox 914 3029 1010 3104; x_wconf 89' lang='lat' dir='ltr'>idest,</span> <span class='ocrx_word' id='word_1_351' title='bbox 1065 3031 1186 3092; x_wconf 87' lang='lat' dir='ltr'>tiones.</span> <span class='ocrx_word' id='word_1_352' title='bbox 1212 3028 1452 3091; x_wconf 74' lang='lat' dir='ltr'>Misericordia</span> <span class='ocrx_word' id='word_1_353' title='bbox 1488 3027 1620 3089; x_wconf 90' lang='lat' dir='ltr'>Domini</span> <span class='ocrx_word' id='word_1_354' title='bbox 1647 3030 1782 3101; x_wconf 74' lang='lat' dir='ltr'>multra,</span> <span class='ocrx_word' id='word_1_355' title='bbox 1805 3028 1862 3089; x_wconf 85' lang='lat' dir='ltr'>sed</span> 
     </span>
     <span class='ocr_line' id='line_1_30' title="bbox 216 3125 1861 3205; baseline 0.001 -20"><span class='ocrx_word' id='word_1_356' title='bbox 216 3140 346 3202; x_wconf 86' lang='lat' dir='ltr'>poenam</span> <span class='ocrx_word' id='word_1_357' title='bbox 374 3126 584 3203; x_wconf 90' lang='lat' dir='ltr'>peccatorum</span> <span class='ocrx_word' id='word_1_358' title='bbox 610 3126 798 3189; x_wconf 89' lang='lat' dir='ltr'>nostrorum</span> <span class='ocrx_word' id='word_1_359' title='bbox 822 3127 959 3205; x_wconf 91' lang='lat' dir='ltr'>pertulit</span> <span class='ocrx_word' id='word_1_360' title='bbox 976 3129 1012 3191; x_wconf 94' lang='lat' dir='ltr'>in</span> <span class='ocrx_word' id='word_1_361' title='bbox 1066 3125 1861 3203; x_wconf 78' lang='lat' dir='ltr'>miseriaeDominimultae.llleelamai:ipnosce;</span> 
     </span>
     <span class='ocr_line' id='line_1_31' title="bbox 215 3218 1861 3302; baseline -0.002 -17"><span class='ocrx_word' id='word_1_362' title='bbox 215 3238 355 3300; x_wconf 87' lang='lat' dir='ltr'>corpore</span> <span class='ocrx_word' id='word_1_363' title='bbox 367 3238 439 3284; x_wconf 88' lang='lat' dir='ltr'>suo.</span> <span class='ocrx_word' id='word_1_364' title='bbox 452 3222 482 3285; x_wconf 89' lang='lat' dir='ltr'>N</span> <span class='ocrx_word' id='word_1_365' title='bbox 485 3239 528 3284; x_wconf 94' lang='lat' dir='ltr'>on</span> <span class='ocrx_word' id='word_1_366' title='bbox 543 3223 631 3285; x_wconf 89' lang='lat' dir='ltr'>enim</span> <span class='ocrx_word' id='word_1_367' title='bbox 645 3239 719 3286; x_wconf 89' lang='lat' dir='ltr'>oum</span> <span class='ocrx_word' id='word_1_368' title='bbox 732 3225 868 3302; x_wconf 87' lang='lat' dir='ltr'>peceato</span> <span class='ocrx_word' id='word_1_369' title='bbox 877 3218 964 3288; x_wconf 86' lang='lat' dir='ltr'>Deus</span> <span class='ocrx_word' id='word_1_370' title='bbox 978 3227 1013 3289; x_wconf 88' lang='lat' dir='ltr'>in</span> <span class='ocrx_word' id='word_1_371' title='bbox 1066 3225 1193 3288; x_wconf 85' lang='lat' dir='ltr'>Judaei:</span> <span class='ocrx_word' id='word_1_372' title='bbox 1209 3225 1383 3300; x_wconf 75' lang='lat' dir='ltr'>crucifige.</span> <span class='ocrx_word' id='word_1_373' title='bbox 1393 3222 1512 3283; x_wconf 87' lang='lat' dir='ltr'>Molliti</span> <span class='ocrx_word' id='word_1_374' title='bbox 1522 3223 1600 3283; x_wconf 86' lang='lat' dir='ltr'>sunt</span> <span class='ocrx_word' id='word_1_375' title='bbox 1611 3224 1861 3300; x_wconf 85' lang='lat' dir='ltr'>sermonesejus</span> 
     </span>
     <span class='ocr_line' id='line_1_32' title="bbox 215 3319 1665 3402; baseline -0.001 -22"><span class='ocrx_word' id='word_1_376' title='bbox 215 3319 305 3382; x_wconf 89' lang='lat' dir='ltr'>huno</span> <span class='ocrx_word' id='word_1_377' title='bbox 319 3320 477 3382; x_wconf 92' lang='lat' dir='ltr'>mundum</span> <span class='ocrx_word' id='word_1_378' title='bbox 491 3322 639 3394; x_wconf 87' lang='lat' dir='ltr'>venerat,</span> <span class='ocrx_word' id='word_1_379' title='bbox 662 3322 695 3383; x_wconf 90' lang='lat' dir='ltr'>et</span> <span class='ocrx_word' id='word_1_380' title='bbox 713 3322 815 3384; x_wconf 86' lang='lat' dir='ltr'>Beata</span> <span class='ocrx_word' id='word_1_381' title='bbox 828 3323 931 3402; x_wconf 84' lang='lat' dir='ltr'>Virgo</span> <span class='ocrx_word' id='word_1_382' title='bbox 945 3339 1012 3386; x_wconf 90' lang='lat' dir='ltr'>non</span> <span class='ocrx_word' id='word_1_383' title='bbox 1067 3322 1152 3384; x_wconf 89' lang='lat' dir='ltr'>siout</span> <span class='ocrx_word' id='word_1_384' title='bbox 1178 3320 1299 3393; x_wconf 87' lang='lat' dir='ltr'>oleum,</span> <span class='ocrx_word' id='word_1_385' title='bbox 1314 3320 1348 3382; x_wconf 90' lang='lat' dir='ltr'>et</span> <span class='ocrx_word' id='word_1_386' title='bbox 1358 3321 1423 3397; x_wconf 90' lang='lat' dir='ltr'>ipsi</span> <span class='ocrx_word' id='word_1_387' title='bbox 1438 3322 1515 3381; x_wconf 89' lang='lat' dir='ltr'>sunt</span> <span class='ocrx_word' id='word_1_388' title='bbox 1529 3319 1665 3381; x_wconf 81' lang='lat' dir='ltr'>saecula.</span> 
     </span>
     <span class='ocr_line' id='line_1_33' title="bbox 216 3416 1863 3497; baseline -0.001 -19"><span class='ocrx_word' id='word_1_389' title='bbox 216 3419 347 3495; x_wconf 88' lang='lat' dir='ltr'>peperit</span> <span class='ocrx_word' id='word_1_390' title='bbox 358 3434 493 3480; x_wconf 88' lang='lat' dir='ltr'>earnem</span> <span class='ocrx_word' id='word_1_391' title='bbox 505 3419 643 3496; x_wconf 89' lang='lat' dir='ltr'>peccati,</span> <span class='ocrx_word' id='word_1_392' title='bbox 661 3419 719 3480; x_wconf 88' lang='lat' dir='ltr'>sed</span> <span class='ocrx_word' id='word_1_393' title='bbox 737 3420 865 3497; x_wconf 90' lang='lat' dir='ltr'>peperit</span> <span class='ocrx_word' id='word_1_394' title='bbox 878 3436 1013 3484; x_wconf 86' lang='lat' dir='ltr'>carnem</span> <span class='ocrx_word' id='word_1_395' title='bbox 1106 3420 1156 3480; x_wconf 88' lang='lat' dir='ltr'>Dh</span> <span class='ocrx_word' id='word_1_396' title='bbox 1169 3417 1331 3480; x_wconf 76' lang='lat' dir='ltr'>charitas!</span> <span class='ocrx_word' id='word_1_397' title='bbox 1344 3417 1475 3494; x_wconf 86' lang='lat' dir='ltr'>patiens</span> <span class='ocrx_word' id='word_1_398' title='bbox 1486 3416 1547 3485; x_wconf 87' lang='lat' dir='ltr'>est,</span> <span class='ocrx_word' id='word_1_399' title='bbox 1563 3416 1699 3477; x_wconf 81' lang='lat' dir='ltr'>sufficit</span> <span class='ocrx_word' id='word_1_400' title='bbox 1713 3416 1863 3478; x_wconf 86' lang='lat' dir='ltr'>Charitas</span> 
     </span>
     <span class='ocr_line' id='line_1_34' title="bbox 215 3513 1861 3596; baseline -0.001 -21"><span class='ocrx_word' id='word_1_401' title='bbox 215 3514 251 3575; x_wconf 92' lang='lat' dir='ltr'>in</span> <span class='ocrx_word' id='word_1_402' title='bbox 272 3514 524 3579; x_wconf 88' lang='lat' dir='ltr'>similitudinem</span> <span class='ocrx_word' id='word_1_403' title='bbox 547 3516 659 3578; x_wconf 85' lang='lat' dir='ltr'>earnis</span> <span class='ocrx_word' id='word_1_404' title='bbox 679 3517 818 3594; x_wconf 86' lang='lat' dir='ltr'>peccati,</span> <span class='ocrx_word' id='word_1_405' title='bbox 843 3519 922 3596; x_wconf 83' lang='lat' dir='ltr'>quia</span> <span class='ocrx_word' id='word_1_406' title='bbox 941 3519 1012 3596; x_wconf 89' lang='lat' dir='ltr'>ipse</span> <span class='ocrx_word' id='word_1_407' title='bbox 1065 3515 1210 3594; x_wconf 85' lang='lat' dir='ltr'>benigna</span> <span class='ocrx_word' id='word_1_408' title='bbox 1222 3515 1283 3587; x_wconf 90' lang='grc' dir='ltr'>θεῖ,</span> <span class='ocrx_word' id='word_1_409' title='bbox 1297 3514 1449 3576; x_wconf 83' lang='lat' dir='ltr'>cumulus</span> <span class='ocrx_word' id='word_1_410' title='bbox 1463 3515 1524 3576; x_wconf 89' lang='lat' dir='ltr'>est.</span> <span class='ocrx_word' id='word_1_411' title='bbox 1539 3513 1618 3574; x_wconf 93' lang='lat' dir='ltr'>Noli</span> <span class='ocrx_word' id='word_1_412' title='bbox 1627 3513 1861 3576; x_wconf 81' lang='lat' dir='ltr'>vinciemalo:</span> 
     </span>
     <span class='ocr_line' id='line_1_35' title="bbox 215 3611 1862 3691; baseline 0.001 -21"><span class='ocrx_word' id='word_1_413' title='bbox 215 3611 307 3671; x_wconf 86' lang='lat' dir='ltr'>solus</span> <span class='ocrx_word' id='word_1_414' title='bbox 330 3611 473 3673; x_wconf 89' lang='lat' dir='ltr'>estsine</span> <span class='ocrx_word' id='word_1_415' title='bbox 492 3611 639 3689; x_wconf 86' lang='lat' dir='ltr'>peccato,</span> <span class='ocrx_word' id='word_1_416' title='bbox 662 3613 741 3689; x_wconf 84' lang='lat' dir='ltr'>quia</span> <span class='ocrx_word' id='word_1_417' title='bbox 762 3615 939 3691; x_wconf 86' lang='lat' dir='ltr'>conceptus</span> <span class='ocrx_word' id='word_1_418' title='bbox 961 3616 1013 3677; x_wconf 89' lang='lat' dir='ltr'>est</span> <span class='ocrx_word' id='word_1_419' title='bbox 1066 3611 1862 3683; x_wconf 80' lang='lat' dir='ltr'>charitasabundans.Sedvinoeinbonomalum,</span> 
     </span>
     <span class='ocr_line' id='line_1_36' title="bbox 215 3706 1861 3789; baseline 0.001 -21"><span class='ocrx_word' id='word_1_420' title='bbox 215 3706 255 3768; x_wconf 90' lang='lat' dir='ltr'>de</span> <span class='ocrx_word' id='word_1_421' title='bbox 283 3707 410 3785; x_wconf 89' lang='lat' dir='ltr'>Spiritu</span> <span class='ocrx_word' id='word_1_422' title='bbox 438 3711 571 3781; x_wconf 87' lang='lat' dir='ltr'>Sancto,</span> <span class='ocrx_word' id='word_1_423' title='bbox 594 3709 713 3784; x_wconf 91' lang='lat' dir='ltr'>angelo</span> <span class='ocrx_word' id='word_1_424' title='bbox 743 3712 930 3781; x_wconf 87' lang='lat' dir='ltr'>attestante,</span> <span class='ocrx_word' id='word_1_425' title='bbox 955 3713 1012 3789; x_wconf 84' lang='lat' dir='ltr'>qul</span> <span class='ocrx_word' id='word_1_426' title='bbox 1067 3708 1352 3788; x_wconf 81' lang='lat' dir='ltr'>superabundans.</span> <span class='ocrx_word' id='word_1_427' title='bbox 1379 3710 1455 3770; x_wconf 90' lang='lat' dir='ltr'>Non</span> <span class='ocrx_word' id='word_1_428' title='bbox 1475 3709 1565 3770; x_wconf 92' lang='lat' dir='ltr'>enim</span> <span class='ocrx_word' id='word_1_429' title='bbox 1593 3710 1663 3770; x_wconf 90' lang='lat' dir='ltr'>sola</span> <span class='ocrx_word' id='word_1_430' title='bbox 1683 3708 1861 3785; x_wconf 88' lang='lat' dir='ltr'>patientia,</span> 
     </span>
     <span class='ocr_line' id='line_1_37' title="bbox 213 3803 1862 3883; baseline 0.001 -18"><span class='ocrx_word' id='word_1_431' title='bbox 213 3804 262 3866; x_wconf 85' lang='lat' dir='ltr'>ait</span> <span class='ocrx_word' id='word_1_432' title='bbox 276 3824 283 3864; x_wconf 91' lang='lat'>:</span> <span class='ocrx_word' id='word_1_433' title='bbox 297 3803 450 3878; x_wconf 77' lang='lat' dir='ltr'>Spiritus</span> <span class='ocrx_word' id='word_1_434' title='bbox 458 3806 604 3865; x_wconf 78' lang='lat' dir='ltr'>Sanctus</span> <span class='ocrx_word' id='word_1_435' title='bbox 620 3807 839 3878; x_wconf 63' lang='lat' dir='ltr'>superveniet</span> <span class='ocrx_word' id='word_1_436' title='bbox 858 3811 895 3869; x_wconf 90' lang='lat' dir='ltr'>in</span> <span class='ocrx_word' id='word_1_437' title='bbox 914 3810 947 3870; x_wconf 84' lang='lat' dir='ltr'>te</span> <span class='ocrx_word' id='word_1_438' title='bbox 950 3853 1010 3870; x_wconf 90' lang='grc'><strong>.....</strong></span> <span class='ocrx_word' id='word_1_439' title='bbox 1066 3809 1123 3871; x_wconf 91' lang='lat' dir='ltr'>sed</span> <span class='ocrx_word' id='word_1_440' title='bbox 1139 3806 1328 3881; x_wconf 89' lang='lat' dir='ltr'>benignitas</span> <span class='ocrx_word' id='word_1_441' title='bbox 1343 3806 1403 3866; x_wconf 91' lang='lat' dir='ltr'>Dei</span> <span class='ocrx_word' id='word_1_442' title='bbox 1417 3806 1550 3867; x_wconf 76' lang='lat' dir='ltr'>iudaeos</span> <span class='ocrx_word' id='word_1_443' title='bbox 1570 3805 1612 3867; x_wconf 88' lang='lat' dir='ltr'>ad</span> <span class='ocrx_word' id='word_1_444' title='bbox 1634 3806 1862 3883; x_wconf 84' lang='lat' dir='ltr'>poenitentiam</span> 
     </span>
     <span class='ocr_line' id='line_1_38' title="bbox 215 3898 1862 3981; baseline -0.001 -18"><span class='ocrx_word' id='word_1_445' title='bbox 215 3901 310 3980; x_wconf 80' lang='lat' dir='ltr'>(Luc.</span> <span class='ocrx_word' id='word_1_446' title='bbox 325 3917 348 3974; x_wconf 89' lang='lat'>1,</span> <span class='ocrx_word' id='word_1_447' title='bbox 364 3898 431 3981; x_wconf 87' lang='lat'>35).</span> <span class='ocrx_word' id='word_1_448' title='bbox 447 3902 545 3972; x_wconf 85' lang='lat' dir='ltr'>Nam,</span> <span class='ocrx_word' id='word_1_449' title='bbox 559 3901 593 3961; x_wconf 88' lang='lat' dir='ltr'>et</span> <span class='ocrx_word' id='word_1_450' title='bbox 606 3901 635 3961; x_wconf 91' lang='lat' dir='ltr'>si</span> <span class='ocrx_word' id='word_1_451' title='bbox 647 3900 745 3962; x_wconf 90' lang='lat' dir='ltr'>homo</span> <span class='ocrx_word' id='word_1_452' title='bbox 760 3903 847 3965; x_wconf 91' lang='lat' dir='ltr'>inter</span> <span class='ocrx_word' id='word_1_453' title='bbox 860 3903 1011 3967; x_wconf 90' lang='lat' dir='ltr'>homines</span> <span class='ocrx_word' id='word_1_454' title='bbox 1066 3904 1215 3976; x_wconf 82' lang='lat' dir='ltr'>adduxit,</span> <span class='ocrx_word' id='word_1_455' title='bbox 1231 3903 1311 3979; x_wconf 88' lang='lat' dir='ltr'>quia</span> <span class='ocrx_word' id='word_1_456' title='bbox 1332 3902 1476 3977; x_wconf 88' lang='lat' dir='ltr'>benigna</span> <span class='ocrx_word' id='word_1_457' title='bbox 1501 3902 1649 3964; x_wconf 87' lang='lat' dir='ltr'>charitas</span> <span class='ocrx_word' id='word_1_458' title='bbox 1663 3903 1766 3964; x_wconf 87' lang='lat' dir='ltr'>etiam</span> <span class='ocrx_word' id='word_1_459' title='bbox 1782 3918 1862 3979; x_wconf 86' lang='lat' dir='ltr'>quos</span> 
     </span>
     <span class='ocr_line' id='line_1_39' title="bbox 214 3998 1858 4076; baseline -0.001 -17"><span class='ocrx_word' id='word_1_460' title='bbox 214 3999 379 4076; x_wconf 87' lang='lat' dir='ltr'>apparuit,</span> <span class='ocrx_word' id='word_1_461' title='bbox 396 3998 484 4061; x_wconf 92' lang='lat' dir='ltr'>inter</span> <span class='ocrx_word' id='word_1_462' title='bbox 503 3998 602 4076; x_wconf 90' lang='lat' dir='ltr'>hujus</span> <span class='ocrx_word' id='word_1_463' title='bbox 623 3998 736 4060; x_wconf 90' lang='lat' dir='ltr'>mundi</span> <span class='ocrx_word' id='word_1_464' title='bbox 751 4000 859 4062; x_wconf 89' lang='lat' dir='ltr'>motus</span> <span class='ocrx_word' id='word_1_465' title='bbox 875 4001 1010 4066; x_wconf 90' lang='lat' dir='ltr'>immota</span> <span class='ocrx_word' id='word_1_466' title='bbox 1064 4000 1195 4071; x_wconf 88' lang='lat' dir='ltr'>tolerat,</span> <span class='ocrx_word' id='word_1_467' title='bbox 1211 4000 1312 4061; x_wconf 86' lang='lat' dir='ltr'>amat.</span> <span class='ocrx_word' id='word_1_468' title='bbox 1329 3999 1465 4060; x_wconf 90' lang='lat' dir='ltr'>Patiens</span> <span class='ocrx_word' id='word_1_469' title='bbox 1489 3998 1639 4060; x_wconf 88' lang='lat' dir='ltr'>charitas</span> <span class='ocrx_word' id='word_1_470' title='bbox 1662 3999 1858 4069; x_wconf 86' lang='lat' dir='ltr'>dissimulat,</span> 
     </span>
     <span class='ocr_line' id='line_1_40' title="bbox 213 4094 1862 4177; baseline -0.001 -20"><span class='ocrx_word' id='word_1_471' title='bbox 213 4096 356 4172; x_wconf 87' lang='lat' dir='ltr'>vestigia</span> <span class='ocrx_word' id='word_1_472' title='bbox 371 4095 527 4157; x_wconf 76' lang='lat' dir='ltr'>servavit.</span> <span class='ocrx_word' id='word_1_473' title='bbox 545 4096 608 4157; x_wconf 85' lang='lat' dir='ltr'>Sed</span> <span class='ocrx_word' id='word_1_474' title='bbox 624 4097 784 4173; x_wconf 86' lang='lat' dir='ltr'>quaeritur</span> <span class='ocrx_word' id='word_1_475' title='bbox 802 4113 845 4159; x_wconf 85' lang='lat' dir='ltr'>an</span> <span class='ocrx_word' id='word_1_476' title='bbox 861 4098 1010 4162; x_wconf 87' lang='lat' dir='ltr'>Christus</span> <span class='ocrx_word' id='word_1_477' title='bbox 1066 4094 1708 4177; x_wconf 78' lang='lat' dir='ltr'>expectat,sustinetdelinquentem3sed</span> <span class='ocrx_word' id='word_1_478' title='bbox 1718 4094 1862 4170; x_wconf 84' lang='lat' dir='ltr'>benigna</span> 
     </span>
     <span class='ocr_line' id='line_1_41' title="bbox 213 4184 1861 4271; baseline -0.001 -16"><span class='ocrx_word' id='word_1_479' title='bbox 213 4184 249 4255; x_wconf 83' lang='lat' dir='ltr'>in</span> <span class='ocrx_word' id='word_1_480' title='bbox 264 4192 516 4255; x_wconf 86' lang='lat' dir='ltr'>similitudinem</span> <span class='ocrx_word' id='word_1_481' title='bbox 529 4193 640 4255; x_wconf 86' lang='lat' dir='ltr'>carnis</span> <span class='ocrx_word' id='word_1_482' title='bbox 652 4196 790 4271; x_wconf 87' lang='lat' dir='ltr'>peccati,</span> <span class='ocrx_word' id='word_1_483' title='bbox 809 4196 850 4258; x_wconf 91' lang='lat' dir='ltr'>de</span> <span class='ocrx_word' id='word_1_484' title='bbox 871 4197 1010 4260; x_wconf 91' lang='lat' dir='ltr'>muliere</span> <span class='ocrx_word' id='word_1_485' title='bbox 1064 4198 1179 4268; x_wconf 86' lang='lat' dir='ltr'>trahit,</span> <span class='ocrx_word' id='word_1_486' title='bbox 1194 4194 1340 4266; x_wconf 84' lang='lat' dir='ltr'>adducit,</span> <span class='ocrx_word' id='word_1_487' title='bbox 1349 4192 1498 4254; x_wconf 76' lang='lat' dir='ltr'>converti</span> <span class='ocrx_word' id='word_1_488' title='bbox 1512 4190 1593 4253; x_wconf 85' lang='lat' dir='ltr'>iacit</span> <span class='ocrx_word' id='word_1_489' title='bbox 1613 4192 1656 4252; x_wconf 87' lang='lat' dir='ltr'>ab</span> <span class='ocrx_word' id='word_1_490' title='bbox 1670 4188 1861 4254; x_wconf 71' lang='lat' dir='ltr'>emoreris</span> 
     </span>
     <span class='ocr_line' id='line_1_42' title="bbox 214 4288 1863 4371; baseline -0.004 -15"><span class='ocrx_word' id='word_1_491' title='bbox 214 4308 334 4371; x_wconf 87' lang='lat' dir='ltr'>eorpus</span> <span class='ocrx_word' id='word_1_492' title='bbox 347 4293 539 4369; x_wconf 82' lang='lat' dir='ltr'>assumpsit,</span> <span class='ocrx_word' id='word_1_493' title='bbox 556 4293 589 4355; x_wconf 91' lang='lat' dir='ltr'>et</span> <span class='ocrx_word' id='word_1_494' title='bbox 605 4308 672 4354; x_wconf 93' lang='lat' dir='ltr'>non</span> <span class='ocrx_word' id='word_1_495' title='bbox 687 4293 796 4370; x_wconf 88' lang='lat' dir='ltr'>potius</span> <span class='ocrx_word' id='word_1_496' title='bbox 811 4293 932 4356; x_wconf 83' lang='lat' dir='ltr'>exalia</span> <span class='ocrx_word' id='word_1_497' title='bbox 946 4294 1011 4355; x_wconf 90' lang='lat' dir='ltr'>sibi</span> <span class='ocrx_word' id='word_1_498' title='bbox 1065 4310 1145 4355; x_wconf 84' lang='lat' dir='ltr'>suae.</span> <span class='ocrx_word' id='word_1_499' title='bbox 1161 4293 1310 4371; x_wconf 81' lang='lat' dir='ltr'>Denique</span> <span class='ocrx_word' id='word_1_500' title='bbox 1325 4290 1473 4367; x_wconf 88' lang='lat' dir='ltr'>cooperit</span> <span class='ocrx_word' id='word_1_501' title='bbox 1487 4288 1736 4351; x_wconf 88' lang='lat' dir='ltr'>multitudinem</span> <span class='ocrx_word' id='word_1_502' title='bbox 1750 4303 1863 4366; x_wconf 89' lang='lat' dir='ltr'>pecea-</span> 
     </span>
     <span class='ocr_line' id='line_1_43' title="bbox 213 4390 1184 4468; baseline -0.004 -14"><span class='ocrx_word' id='word_1_503' title='bbox 213 4392 353 4454; x_wconf 89' lang='lat' dir='ltr'>materia</span> <span class='ocrx_word' id='word_1_504' title='bbox 372 4407 496 4453; x_wconf 83' lang='lat' dir='ltr'>novum</span> <span class='ocrx_word' id='word_1_505' title='bbox 528 4406 648 4468; x_wconf 83' lang='lat' dir='ltr'>corpus</span> <span class='ocrx_word' id='word_1_506' title='bbox 676 4390 841 4464; x_wconf 81' lang='lat' dir='ltr'>formavit,</span> <span class='ocrx_word' id='word_1_507' title='bbox 869 4393 904 4453; x_wconf 88' lang='lat' dir='ltr'>ut</span> <span class='ocrx_word' id='word_1_508' title='bbox 925 4393 1011 4454; x_wconf 86' lang='lat' dir='ltr'>siout</span> <span class='ocrx_word' id='word_1_509' title='bbox 1064 4393 1184 4454; x_wconf 89' lang='lat' dir='ltr'>torum.</span> 
     </span>
     <span class='ocr_line' id='line_1_44' title="bbox 212 4482 1860 4565; baseline -0.005 -15"><span class='ocrx_word' id='word_1_510' title='bbox 212 4489 320 4552; x_wconf 87' lang='lat' dir='ltr'>iactus</span> <span class='ocrx_word' id='word_1_511' title='bbox 350 4489 459 4551; x_wconf 84' lang='lat' dir='ltr'>iuerat</span> <span class='ocrx_word' id='word_1_512' title='bbox 486 4488 613 4565; x_wconf 92' lang='lat' dir='ltr'>primus</span> <span class='ocrx_word' id='word_1_513' title='bbox 640 4488 757 4557; x_wconf 78' lang='lat' dir='ltr'>Adam,</span> <span class='ocrx_word' id='word_1_514' title='bbox 791 4488 837 4549; x_wconf 87' lang='lat' dir='ltr'>ita</span> <span class='ocrx_word' id='word_1_515' title='bbox 861 4488 957 4551; x_wconf 88' lang='lat' dir='ltr'>fleret</span> <span class='ocrx_word' id='word_1_516' title='bbox 977 4491 1011 4551; x_wconf 90' lang='lat' dir='ltr'>et</span> <span class='ocrx_word' id='word_1_517' title='bbox 1103 4485 1292 4550; x_wconf 88' lang='lat' dir='ltr'>Notandum</span> <span class='ocrx_word' id='word_1_518' title='bbox 1303 4485 1364 4557; x_wconf 85' lang='lat' dir='ltr'>est,</span> <span class='ocrx_word' id='word_1_519' title='bbox 1380 4483 1467 4562; x_wconf 83' lang='lat' dir='ltr'>quod</span> <span class='ocrx_word' id='word_1_520' title='bbox 1481 4499 1554 4555; x_wconf 88' lang='lat' dir='ltr'>nos,</span> <span class='ocrx_word' id='word_1_521' title='bbox 1570 4482 1627 4560; x_wconf 75' lang='lat' dir='ltr'>qui</span> <span class='ocrx_word' id='word_1_522' title='bbox 1648 4482 1728 4559; x_wconf 91' lang='lat' dir='ltr'>puri</span> <span class='ocrx_word' id='word_1_523' title='bbox 1750 4496 1860 4544; x_wconf 89' lang='lat' dir='ltr'>sumus</span> 
     </span>
     <span class='ocr_line' id='line_1_45' title="bbox 213 4579 1860 4660; baseline -0.005 -13"><span class='ocrx_word' id='word_1_524' title='bbox 213 4586 388 4648; x_wconf 87' lang='lat' dir='ltr'>secundus.</span> <span class='ocrx_word' id='word_1_525' title='bbox 405 4586 589 4648; x_wconf 81' lang='lat' dir='ltr'>Ooiiitndo</span> <span class='ocrx_word' id='word_1_526' title='bbox 607 4584 812 4646; x_wconf 75' lang='lat' dir='ltr'>divitiorum</span> <span class='ocrx_word' id='word_1_527' title='bbox 829 4587 1010 4660; x_wconf 78' lang='lat' dir='ltr'>sapientior</span> <span class='ocrx_word' id='word_1_528' title='bbox 1064 4585 1226 4656; x_wconf 88' lang='lat' dir='ltr'>homines,</span> <span class='ocrx_word' id='word_1_529' title='bbox 1251 4582 1424 4659; x_wconf 87' lang='lat' dir='ltr'>arguimur</span> <span class='ocrx_word' id='word_1_530' title='bbox 1446 4580 1625 4657; x_wconf 85' lang='lat' dir='ltr'>aliquando</span> <span class='ocrx_word' id='word_1_531' title='bbox 1643 4596 1664 4640; x_wconf 87' lang='lat' dir='ltr'>a</span> <span class='ocrx_word' id='word_1_532' title='bbox 1687 4581 1771 4652; x_wconf 89' lang='lat' dir='ltr'>Deo,</span> <span class='ocrx_word' id='word_1_533' title='bbox 1795 4579 1860 4639; x_wconf 86' lang='lat' dir='ltr'>ali·</span> 
     </span>
     <span class='ocr_line' id='line_1_46' title="bbox 211 4676 1859 4759; baseline -0.005 -14"><span class='ocrx_word' id='word_1_534' title='bbox 211 4685 246 4745; x_wconf 83' lang='lat' dir='ltr'>et</span> <span class='ocrx_word' id='word_1_535' title='bbox 265 4684 419 4744; x_wconf 73' lang='lat' dir='ltr'>scientior</span> <span class='ocrx_word' id='word_1_536' title='bbox 430 4684 505 4755; x_wconf 82' lang='lat' dir='ltr'>Dei,</span> <span class='ocrx_word' id='word_1_537' title='bbox 533 4697 636 4756; x_wconf 77' lang='lat' dir='ltr'>onom</span> <span class='ocrx_word' id='word_1_538' title='bbox 657 4684 1010 4755; x_wconf 72' lang='lat' dir='ltr'>incomprehensibilia</span> <span class='ocrx_word' id='word_1_539' title='bbox 1064 4682 1194 4759; x_wconf 86' lang='lat' dir='ltr'>quando</span> <span class='ocrx_word' id='word_1_540' title='bbox 1210 4698 1230 4742; x_wconf 89' lang='lat' dir='ltr'>a</span> <span class='ocrx_word' id='word_1_541' title='bbox 1246 4681 1408 4758; x_wconf 88' lang='lat' dir='ltr'>proximo,</span> <span class='ocrx_word' id='word_1_542' title='bbox 1420 4677 1598 4755; x_wconf 85' lang='lat' dir='ltr'>aliquando</span> <span class='ocrx_word' id='word_1_543' title='bbox 1613 4692 1633 4737; x_wconf 89' lang='lat' dir='ltr'>a</span> <span class='ocrx_word' id='word_1_544' title='bbox 1649 4676 1747 4738; x_wconf 91' lang='lat' dir='ltr'>nobis</span> <span class='ocrx_word' id='word_1_545' title='bbox 1768 4676 1859 4753; x_wconf 78' lang='lat' dir='ltr'>ipsis</span> 
     </span>
     <span class='ocr_line' id='line_1_47' title="bbox 173 4772 1859 4856; baseline -0.005 -14"><span class='ocrx_word' id='word_1_546' title='bbox 173 4808 177 4815; x_wconf 86' lang='lat'><strong>·</strong></span> <span class='ocrx_word' id='word_1_547' title='bbox 210 4779 1010 4855; x_wconf 57' lang='lat' dir='ltr'>snorjoeeioejusntinoesnpoouesviaeejusr</span> <span class='ocrx_word' id='word_1_548' title='bbox 1063 4779 1246 4856; x_wconf 84' lang='lat' dir='ltr'>Arguimur</span> <span class='ocrx_word' id='word_1_549' title='bbox 1266 4793 1286 4838; x_wconf 91' lang='lat' dir='ltr'>a</span> <span class='ocrx_word' id='word_1_550' title='bbox 1310 4778 1378 4838; x_wconf 91' lang='lat' dir='ltr'>Deo</span> <span class='ocrx_word' id='word_1_551' title='bbox 1406 4774 1534 4836; x_wconf 86' lang='lat' dir='ltr'>duobus</span> <span class='ocrx_word' id='word_1_552' title='bbox 1569 4774 1689 4842; x_wconf 89' lang='lat' dir='ltr'>modis,</span> <span class='ocrx_word' id='word_1_553' title='bbox 1722 4774 1795 4835; x_wconf 76' lang='lat' dir='ltr'>sire</span> <span class='ocrx_word' id='word_1_554' title='bbox 1820 4772 1859 4833; x_wconf 87' lang='lat' dir='ltr'>ad</span> 
     </span>
     <span class='ocr_line' id='line_1_48' title="bbox 211 4869 1859 4952; baseline -0.005 -14"><span class='ocrx_word' id='word_1_555' title='bbox 211 4880 293 4944; x_wconf 79' lang='lat' dir='ltr'>onis</span> <span class='ocrx_word' id='word_1_556' title='bbox 317 4876 474 4950; x_wconf 75' lang='lat' dir='ltr'>cuononi</span> <span class='ocrx_word' id='word_1_557' title='bbox 495 4890 636 4936; x_wconf 82' lang='grc' dir='ltr'>εεεεεεε</span> <span class='ocrx_word' id='word_1_558' title='bbox 662 4879 812 4947; x_wconf 85' lang='lat' dir='ltr'>Domini,</span> <span class='ocrx_word' id='word_1_559' title='bbox 845 4877 905 4937; x_wconf 87' lang='grc' dir='ltr'>εεῖ</span> <span class='ocrx_word' id='word_1_560' title='bbox 933 4880 1009 4952; x_wconf 68' lang='grc' dir='ltr'>θεῖε</span> <span class='ocrx_word' id='word_1_561' title='bbox 1063 4875 1337 4946; x_wconf 87' lang='lat' dir='ltr'>emendationem,</span> <span class='ocrx_word' id='word_1_562' title='bbox 1363 4872 1435 4933; x_wconf 85' lang='lat' dir='ltr'>sive</span> <span class='ocrx_word' id='word_1_563' title='bbox 1448 4870 1488 4933; x_wconf 88' lang='lat' dir='ltr'>ad</span> <span class='ocrx_word' id='word_1_564' title='bbox 1503 4871 1787 4948; x_wconf 87' lang='lat' dir='ltr'>reprobationem.</span> <span class='ocrx_word' id='word_1_565' title='bbox 1813 4869 1859 4931; x_wconf 85' lang='lat' dir='ltr'>ild</span> 
     </span>
     <span class='ocr_line' id='line_1_49' title="bbox 209 4967 1859 5053; baseline -0.006 -16"><span class='ocrx_word' id='word_1_566' title='bbox 209 4976 431 5037; x_wconf 80' lang='lat' dir='ltr'>consti-torius</span> <span class='ocrx_word' id='word_1_567' title='bbox 449 4976 525 5045; x_wconf 68' lang='grc' dir='ltr'>εεε</span> <span class='ocrx_word' id='word_1_568' title='bbox 548 4971 840 5051; x_wconf 73' lang='lat' dir='ltr'>ntiti(Rom.11,</span> <span class='ocrx_word' id='word_1_569' title='bbox 865 4975 915 5045; x_wconf 85' lang='lat'>33,</span> <span class='ocrx_word' id='word_1_570' title='bbox 941 4973 1006 5053; x_wconf 84' lang='grc'><strong>34).</strong></span> <span class='ocrx_word' id='word_1_571' title='bbox 1063 4973 1346 5041; x_wconf 79' lang='lat' dir='ltr'>enwndotionem,</span> <span class='ocrx_word' id='word_1_572' title='bbox 1364 4970 1450 5031; x_wconf 89' lang='lat' dir='ltr'>siout</span> <span class='ocrx_word' id='word_1_573' title='bbox 1475 4969 1635 5046; x_wconf 87' lang='lat' dir='ltr'>scriptum</span> <span class='ocrx_word' id='word_1_574' title='bbox 1659 4967 1764 5029; x_wconf 86' lang='lat' dir='ltr'>estin</span> <span class='ocrx_word' id='word_1_575' title='bbox 1784 4967 1859 5035; x_wconf 76' lang='lat' dir='ltr'>iob:</span> 
     </span>
     <span class='ocr_line' id='line_1_50' title="bbox 210 5061 1859 5149; baseline -0.007 -14"><span class='ocrx_word' id='word_1_576' title='bbox 210 5070 381 5149; x_wconf 89' lang='lat' dir='ltr'>Disposuit</span> <span class='ocrx_word' id='word_1_577' title='bbox 402 5072 515 5133; x_wconf 87' lang='lat' dir='ltr'>tamen</span> <span class='ocrx_word' id='word_1_578' title='bbox 542 5068 686 5131; x_wconf 87' lang='lat' dir='ltr'>eoelestis</span> <span class='ocrx_word' id='word_1_579' title='bbox 705 5068 844 5131; x_wconf 86' lang='lat' dir='ltr'>altitudo</span> <span class='ocrx_word' id='word_1_580' title='bbox 864 5071 1005 5144; x_wconf 87' lang='lat' dir='ltr'>consilii,</span> <span class='ocrx_word' id='word_1_581' title='bbox 1063 5071 1192 5133; x_wconf 84' lang='grc' dir='ltr'>Βεεῖεε</span> <span class='ocrx_word' id='word_1_582' title='bbox 1206 5072 1304 5131; x_wconf 80' lang='lat' dir='ltr'>nomo</span> <span class='ocrx_word' id='word_1_583' title='bbox 1316 5069 1374 5142; x_wconf 79' lang='lat' dir='ltr'>qni</span> <span class='ocrx_word' id='word_1_584' title='bbox 1386 5067 1578 5139; x_wconf 80' lang='lat' dir='ltr'>corripitur</span> <span class='ocrx_word' id='word_1_585' title='bbox 1596 5068 1700 5126; x_wconf 83' lang='lat' dir='ltr'>oDeo</span> <span class='ocrx_word' id='word_1_586' title='bbox 1726 5061 1816 5143; x_wconf 81' lang='lat' dir='ltr'>(iob.</span> <span class='ocrx_word' id='word_1_587' title='bbox 1828 5080 1859 5136; x_wconf 85' lang='lat' dir='ltr'>v,</span> 
     </span>
     <span class='ocr_line' id='line_1_51' title="bbox 210 5160 1861 5247; baseline -0.007 -15"><span class='ocrx_word' id='word_1_588' title='bbox 210 5172 247 5234; x_wconf 89' lang='lat' dir='ltr'>ut</span> <span class='ocrx_word' id='word_1_589' title='bbox 261 5170 348 5232; x_wconf 90' lang='lat' dir='ltr'>siout</span> <span class='ocrx_word' id='word_1_590' title='bbox 374 5185 433 5246; x_wconf 91' lang='lat' dir='ltr'>per</span> <span class='ocrx_word' id='word_1_591' title='bbox 455 5166 623 5229; x_wconf 85' lang='lat' dir='ltr'>ioeminam</span> <span class='ocrx_word' id='word_1_592' title='bbox 643 5182 733 5229; x_wconf 91' lang='lat' dir='ltr'>mors</span> <span class='ocrx_word' id='word_1_593' title='bbox 751 5165 890 5229; x_wconf 86' lang='lat' dir='ltr'>intravit</span> <span class='ocrx_word' id='word_1_594' title='bbox 901 5168 936 5228; x_wconf 92' lang='lat' dir='ltr'>in</span> <span class='ocrx_word' id='word_1_595' title='bbox 949 5184 1008 5230; x_wconf 90' lang='lat' dir='ltr'>or·</span> <span class='ocrx_word' id='word_1_596' title='bbox 1063 5166 1206 5247; x_wconf 83' lang='lat' dir='ltr'>17).Hoo</span> <span class='ocrx_word' id='word_1_597' title='bbox 1217 5165 1313 5226; x_wconf 93' lang='lat' dir='ltr'>modo</span> <span class='ocrx_word' id='word_1_598' title='bbox 1326 5164 1498 5240; x_wconf 88' lang='lat' dir='ltr'>correptus</span> <span class='ocrx_word' id='word_1_599' title='bbox 1509 5162 1560 5223; x_wconf 91' lang='grc' dir='ltr'>θεῖ</span> <span class='ocrx_word' id='word_1_600' title='bbox 1571 5160 1687 5234; x_wconf 83' lang='lat' dir='ltr'>David,</span> <span class='ocrx_word' id='word_1_601' title='bbox 1700 5177 1778 5222; x_wconf 91' lang='lat' dir='ltr'>oum</span> <span class='ocrx_word' id='word_1_602' title='bbox 1789 5162 1861 5238; x_wconf 88' lang='lat' dir='ltr'>post</span> 
     </span>
    </p>
   </div>
   <div class='ocr_carea' id='block_1_5' title="bbox 207 5257 1962 5636">
    <p class='ocr_par' dir='ltr' id='par_1_5' title="bbox 207 5257 1962 5636">
     <span class='ocr_line' id='line_1_52' title="bbox 208 5257 1962 5347; baseline -0.007 -17"><span class='ocrx_word' id='word_1_603' title='bbox 208 5268 295 5342; x_wconf 90' lang='lat' dir='ltr'>bem,</span> <span class='ocrx_word' id='word_1_604' title='bbox 321 5268 369 5329; x_wconf 91' lang='lat' dir='ltr'>ita</span> <span class='ocrx_word' id='word_1_605' title='bbox 392 5281 452 5344; x_wconf 90' lang='lat' dir='ltr'>per</span> <span class='ocrx_word' id='word_1_606' title='bbox 474 5264 648 5327; x_wconf 88' lang='lat' dir='ltr'>mulierem</span> <span class='ocrx_word' id='word_1_607' title='bbox 668 5265 736 5326; x_wconf 83' lang='lat' dir='ltr'>vita</span> <span class='ocrx_word' id='word_1_608' title='bbox 756 5265 880 5327; x_wconf 90' lang='lat' dir='ltr'>rediret</span> <span class='ocrx_word' id='word_1_609' title='bbox 899 5265 934 5326; x_wconf 90' lang='lat' dir='ltr'>in</span> <span class='ocrx_word' id='word_1_610' title='bbox 949 5281 1008 5326; x_wconf 91' lang='lat' dir='ltr'>or·</span> <span class='ocrx_word' id='word_1_611' title='bbox 1062 5263 1274 5326; x_wconf 87' lang='lat' dir='ltr'>commissum</span> <span class='ocrx_word' id='word_1_612' title='bbox 1297 5260 1531 5322; x_wconf 83' lang='lat' dir='ltr'>adulteriuma</span> <span class='ocrx_word' id='word_1_613' title='bbox 1551 5257 1713 5335; x_wconf 89' lang='lat' dir='ltr'>propheta</span> <span class='ocrx_word' id='word_1_614' title='bbox 1734 5258 1859 5319; x_wconf 76' lang='lat' dir='ltr'>audivit</span> <span class='ocrx_word' id='word_1_615' title='bbox 1961 5344 1962 5347; x_wconf 8' lang='grc' dir='ltr'><strong>Ἴ</strong></span> 
     </span>
     <span class='ocr_line' id='line_1_53' title="bbox 207 5354 1962 5445; baseline -0.008 -17"><span class='ocrx_word' id='word_1_616' title='bbox 207 5366 294 5439; x_wconf 86' lang='lat' dir='ltr'>bem,</span> <span class='ocrx_word' id='word_1_617' title='bbox 311 5367 348 5428; x_wconf 88' lang='lat' dir='ltr'>ut</span> <span class='ocrx_word' id='word_1_618' title='bbox 361 5364 448 5426; x_wconf 90' lang='lat' dir='ltr'>unde</span> <span class='ocrx_word' id='word_1_619' title='bbox 471 5378 560 5424; x_wconf 86' lang='lat' dir='ltr'>mors</span> <span class='ocrx_word' id='word_1_620' title='bbox 580 5362 758 5433; x_wconf 85' lang='lat' dir='ltr'>oriebatur,</span> <span class='ocrx_word' id='word_1_621' title='bbox 777 5362 855 5423; x_wconf 91' lang='lat' dir='ltr'>inde</span> <span class='ocrx_word' id='word_1_622' title='bbox 869 5361 937 5424; x_wconf 84' lang='lat' dir='ltr'>vita</span> <span class='ocrx_word' id='word_1_623' title='bbox 953 5378 1009 5422; x_wconf 90' lang='lat' dir='ltr'>re-</span> <span class='ocrx_word' id='word_1_624' title='bbox 1062 5361 1148 5439; x_wconf 87' lang='lat' dir='ltr'>quod</span> <span class='ocrx_word' id='word_1_625' title='bbox 1162 5361 1216 5422; x_wconf 81' lang='lat' dir='ltr'>vir</span> <span class='ocrx_word' id='word_1_626' title='bbox 1229 5359 1346 5421; x_wconf 89' lang='lat' dir='ltr'>mortis</span> <span class='ocrx_word' id='word_1_627' title='bbox 1371 5358 1469 5420; x_wconf 89' lang='lat' dir='ltr'>esset.</span> <span class='ocrx_word' id='word_1_628' title='bbox 1497 5355 1560 5417; x_wconf 88' lang='lat' dir='ltr'>Sed</span> <span class='ocrx_word' id='word_1_629' title='bbox 1582 5355 1653 5416; x_wconf 83' lang='lat' dir='ltr'>haec</span> <span class='ocrx_word' id='word_1_630' title='bbox 1667 5354 1857 5431; x_wconf 88' lang='lat' dir='ltr'>redargutio</span> <span class='ocrx_word' id='word_1_631' title='bbox 1961 5364 1962 5445; x_wconf 12' lang='grc' dir='ltr'>ἐ</span> 
     </span>
     <span class='ocr_line' id='line_1_54' title="bbox 210 5451 1962 5539; baseline -0.007 -15"><span class='ocrx_word' id='word_1_632' title='bbox 210 5463 372 5539; x_wconf 86' lang='lat' dir='ltr'>surgeret.</span> <span class='ocrx_word' id='word_1_633' title='bbox 401 5464 544 5532; x_wconf 87' lang='lat' dir='ltr'>Verum,</span> <span class='ocrx_word' id='word_1_634' title='bbox 573 5459 602 5519; x_wconf 91' lang='lat' dir='ltr'>si</span> <span class='ocrx_word' id='word_1_635' title='bbox 635 5459 781 5520; x_wconf 89' lang='lat' dir='ltr'>omnium</span> <span class='ocrx_word' id='word_1_636' title='bbox 816 5458 1006 5536; x_wconf 88' lang='lat' dir='ltr'>iniquorum</span> <span class='ocrx_word' id='word_1_637' title='bbox 1062 5475 1127 5521; x_wconf 89' lang='lat' dir='ltr'>non</span> <span class='ocrx_word' id='word_1_638' title='bbox 1140 5458 1171 5519; x_wconf 89' lang='lat' dir='ltr'>ei</span> <span class='ocrx_word' id='word_1_639' title='bbox 1186 5457 1226 5519; x_wconf 88' lang='lat' dir='ltr'>ad</span> <span class='ocrx_word' id='word_1_640' title='bbox 1242 5456 1549 5533; x_wconf 87' lang='lat' dir='ltr'>reprehensionem,</span> <span class='ocrx_word' id='word_1_641' title='bbox 1566 5451 1678 5514; x_wconf 89' lang='lat' dir='ltr'>sedad</span> <span class='ocrx_word' id='word_1_642' title='bbox 1694 5452 1855 5514; x_wconf 88' lang='lat' dir='ltr'>emenda·</span> <span class='ocrx_word' id='word_1_643' title='bbox 1961 5522 1962 5529; x_wconf 13' lang='lat'>¹</span> 
     </span>
     <span class='ocr_line' id='line_1_55' title="bbox 210 5551 1856 5636; baseline -0.005 -16"><span class='ocrx_word' id='word_1_644' title='bbox 210 5560 309 5636; x_wconf 87' lang='lat' dir='ltr'>caput</span> <span class='ocrx_word' id='word_1_645' title='bbox 335 5558 488 5621; x_wconf 90' lang='lat' dir='ltr'>diabolus</span> <span class='ocrx_word' id='word_1_646' title='bbox 515 5558 550 5619; x_wconf 93' lang='lat' dir='ltr'>in</span> <span class='ocrx_word' id='word_1_647' title='bbox 578 5557 750 5619; x_wconf 76' lang='lat' dir='ltr'>salvatore</span> <span class='ocrx_word' id='word_1_648' title='bbox 784 5555 832 5617; x_wconf 91' lang='lat' dir='ltr'>nil</span> <span class='ocrx_word' id='word_1_649' title='bbox 867 5556 1004 5634; x_wconf 89' lang='lat' dir='ltr'>reperit,</span> <span class='ocrx_word' id='word_1_650' title='bbox 1061 5557 1185 5620; x_wconf 91' lang='lat' dir='ltr'>tionem</span> <span class='ocrx_word' id='word_1_651' title='bbox 1200 5555 1287 5618; x_wconf 87' lang='lat' dir='ltr'>iacta</span> <span class='ocrx_word' id='word_1_652' title='bbox 1302 5557 1363 5627; x_wconf 87' lang='lat' dir='ltr'>est,</span> <span class='ocrx_word' id='word_1_653' title='bbox 1389 5553 1467 5633; x_wconf 88' lang='lat' dir='ltr'>quia</span> <span class='ocrx_word' id='word_1_654' title='bbox 1486 5551 1596 5615; x_wconf 88' lang='lat' dir='ltr'>statim</span> <span class='ocrx_word' id='word_1_655' title='bbox 1611 5551 1788 5629; x_wconf 88' lang='lat' dir='ltr'>peceatum</span> <span class='ocrx_word' id='word_1_656' title='bbox 1803 5565 1856 5629; x_wconf 91' lang='lat' dir='ltr'>per</span> 
     </span>
    </p>
   </div>
   <div class='ocr_carea' id='block_1_6' title="bbox 0 0 1980 6184">
    <p class='ocr_par' dir='ltr' id='par_1_6' title="bbox 0 0 1980 6184">
     <span class='ocr_line' id='line_1_56' title="bbox 0 0 1980 6184; baseline 0 0"><span class='ocrx_word' id='word_1_657' title='bbox 0 0 1980 6184; x_wconf 95' lang='lat' dir='ltr'> </span> 
     </span>
    </p>
   </div>
  </div>
 </body>
</html>
