3980 6198
126 264 185 327 ω’)
615 267 772 338 QUINTA
793 270 1057 334 COMPILATIO.
1088 273 1212 338 LIBER
1234 277 1273 339 11.

1709 286 1768 348 206

127 437 217 490 sores
244 420 463 484 amicabiliter
489 421 681 499 intervenit,
714 429 748 490 te
773 427 919 492 indebite
975 433 1148 511 praelatum
1160 435 1456 516 archiepiscopum,
1473 442 1507 502 et
1520 440 1552 502 te
1564 442 1767 518 audiremus,

128 518 296 598 inquietat.
314 517 614 596 Undepraedictnm
628 524 807 587 terminum
828 542 919 606 prae-
974 532 1028 594 vel
1043 535 1237 612 perpetuum
1257 535 1425 603 silentium
1446 537 1692 617 imponeremus
1712 543 1766 604 el-

128 618 183 695 ligi
205 616 455 696 archiepiscopo
478 618 610 696 petebat
626 643 634 682 ε
652 620 732 685 licet
753 638 793 686 eo
812 623 919 689 aduo—
975 629 1060 691 dem.
1075 630 1334 714 archiepiscopo
1347 635 1576 712 respondente,
1590 638 1677 715 quod
1691 638 1769 702 licet

128 714 220 779 eante
234 716 291 792 jus
314 714 493 778 revocandi
513 716 646 780 domum
669 719 798 781 nullum
820 736 921 801 super
973 726 1767 811 induciaeaddeliberandumcumconventusuo,

127 811 305 893 praemissis
334 813 647 877 reconventionibus
675 816 854 881 terminum
887 819 920 882 ei
973 822 1233 889 utrumdeberet
1246 842 1356 903 agere,
1372 828 1427 891 rel
1447 845 1525 903 non,
1542 829 1608 893 sibi
1628 830 1769 897 luissent

127 910 257 973 duxerit
269 908 517 988 praetlgendum.
533 912 647 991 Nuper
660 914 771 978 autem
787 917 827 979 R.
847 932 921 979 mo-
973 919 1111 984 indultae
1133 943 1141 983 ε
1165 922 1244 1001 quia
1263 924 1374 987 tamen
1399 925 1441 987 ad
1464 929 1599 1006 propria
1622 929 1767 992 nondum

127 1006 261 1081 bachus,
282 1008 317 1071 et
338 1008 498 1084 magister
511 1010 616 1083 Eust„
631 1013 866 1089 procuratores
884 1015 918 1078 in
972 1033 1127 1082 reversus
1142 1019 1261 1094 iuerat,
1277 1022 1310 1085 et
1328 1022 1470 1085 ecclesia
1487 1040 1559 1098 sua,
1576 1027 1609 1089 et
1627 1042 1768 1103 regnum

126 1109 234 1169 nosue
245 1105 920 1187 praesentiaconstituti,petieruntinstan·
973 1116 1062 1179 essai
1078 1115 1257 1191 turbatum,
1274 1134 1349 1181 cum
1372 1136 1433 1184 suo
1454 1123 1618 1186 conventu
1637 1124 1768 1187 delibe-

63 1204 73 1224 “
125 1206 182 1275 ter,
198 1202 430 1278 utinnegotio
444 1203 659 1281 procedentes
681 1221 817 1270 causam
831 1207 919 1272 inter
971 1227 1049 1276 rare
1072 1229 1139 1277 non
1162 1215 1282 1292 potuit:
1308 1232 1412 1294 quare
1434 1217 1569 1296 petebat
1591 1220 1768 1285 ulteriores

123 1422 253 1495 specialia
264 1423 402 1494 continet,
414 1438 477 1497 que
489 1423 537 1483 hic
548 1438 605 1481 non
617 1423 769 1494 habentur,
781 1431 811 1482 et
823 1424 918 1481 lucem
972 1425 1099 1499 partibus
1110 1429 1264 1488 terminum
1279 1440 1500 1504 competentem,
1516 1448 1572 1506 quo
1587 1450 1618 1492 se
1633 1450 1769 1508 consper-

123 1509 261 1569 atierthis
276 1527 341 1585 quse
356 1511 476 1571 obscura
496 1520 526 1570 et
541 1519 716 1586 praepostere
737 1513 830 1587 posita
850 1518 918 1571 sunt
972 1514 1013 1572 tui
1035 1515 1200 1588 Apostolico
1221 1528 1437 1592 presentarent,
1464 1522 1570 1596 justam
1594 1525 1767 1581 sententiam

123 1599 213 1659 inhoc
226 1615 294 1673 cap.
971 1605 1122 1677 recepturi.
1134 1607 1232 1680 Nuper
1244 1616 1339 1666 autem
1355 1611 1387 1668 lt.
1404 1610 1573 1678 monachus,
1590 1619 1619 1670 ct
1628 1613 1768 1685 magister

153 1698 251 1756 Abbati
271 1699 300 1756 S.
319 1698 476 1770 somniet
496 1697 709 1757 cantuariensi.
734 1698 826 1768 Οιιιιιι
848 1698 916 1756 olim
972 1693 1146 1765 Eustrasius
1162 1704 1361 1767 procuratores
1375 1700 1416 1756 tui
1443 1700 1472 1756 in
1492 1705 1588 1757 nosua
1616 1700 1766 1772 praesentia

122 1787 190 1845 inter
208 1794 248 1857 te,
269 1792 338 1857 etc,
357 1801 450 1859 usque
475 1786 512 1845 ad
533 1786 598 1846 hec
615 1785 703 1845 verim
717 1804 726 1846 ;
738 1786 779 1861 ¹si)
800 1786 913 1859 impeti-
970 1781 1125 1852 constituti,
1133 1783 1276 1855 petierunt
1287 1786 1425 1844 instanter
1436 1794 1468 1843 ut
1478 1786 1559 1859 juxta
1568 1789 1766 1861 prescriptum

122 1877 194 1935 ione
212 1883 240 1933 te
263 1874 426 1935 absolveret
454 1875 554 1949 ipsius.
570 1876 663 1946 Quum
676 1883 772 1933 autem
788 1874 916 1948 partibus
970 1865 1091 1927 formtm
1103 1871 1133 1928 in
1147 1872 1269 1945 11080110
1290 1873 1488 1946 Ριῡθθίίθῦῑθθ,
1508 1890 1638 1946 eausam,
1654 1877 1678 1933 Si
1690 1891 1763 1949 9¹·ae-

121 1963 299 2037 postmodum
311 1965 342 2022 in
356 1963 445 2039 ipsius
460 1962 680 2037 predecessoris
692 1964 782 2022 nostri
792 1977 914 2037 praesen·
969 1954 1062 2016 dictus
1069 1957 1300 2034 archiepiscopus
1310 1962 1539 2021 contendendarn
1547 1963 1674 2033 duceret,
1687 1963 1764 2022 audi·

121 2053 156 2111 tis
181 2053 355 2124 constitutis,
378 2060 408 2112 tu
426 2053 566 2111 instanter
580 2059 703 2127 peteres,
724 2052 803 2111 utin
827 2066 914 2110 causa
969 2059 1077 2117 temne,
1090 2048 1136 2105 vel
1151 2056 1320 2122 perpetuum
1339 2051 1483 2113 sitentium
1503 2067 1589 2124 super
1603 2051 1659 2109 hoe
1671 2053 1765 2126 impo-

120 2154 174 2199 seo.
189 2138 314 2199 formam
335 2139 504 2214 procederet
528 2148 729 2215 prenotatam,
757 2140 824 2198 licet
845 2155 915 2213 prae
969 2147 1105 2193 heremus
1123 2135 1227 2207 eidem,
1249 2154 1286 2194 ne
1301 2145 1329 2196 te
1343 2147 1505 2211 pateremur
1525 2140 1661 2213 captiosis
1678 2140 1763 2198 diliu-

120 2227 208 2286 dictus
231 2228 463 2303 archiepiscopus
489 2244 507 2288 ο
538 2232 683 2288 contrario
717 2227 914 2302 responderet,
969 2221 1026 2295 giis
1038 2221 1163 2297 fatigari.
1177 2225 1418 2300 Archiepiscopus
1431 2242 1499 2285 vero
1514 2226 1670 2301 respondit,
1686 2228 1765 2301 quod

120 2316 190 2389 quod
204 2325 305 2376 contra
319 2324 349 2376 te
363 2331 451 2391 agere
463 2324 531 2376 tunc
552 2333 611 2376 non
632 2324 740 2392 posset,
764 2317 830 2390 quia
854 2323 916 2374 erat

119 2405 178 2463 aliis
194 2406 322 2480 negotiis
341 2405 513 2480 prepeditus
535 2414 614 2476 tunc,
636 2407 703 2479 quia
718 2412 837 2463 venerat
858 2405 914 2462 mi·

118 2507 168 2551 nus
179 2495 338 2552 instructus
351 2501 529 2566 temporum3
544 2502 641 2551 temen
657 2494 759 2551 nolens
776 2493 855 2551 litem
869 2492 914 2551 ul·

117 2582 204 2640 terius
225 2582 369 2654 protelare
388 2580 482 2639 eidem
503 2580 614 2652 indixit,
636 2580 713 2655 quod
733 2589 782 2640 aut
802 2587 913 2654 ageret,

117 2684 203 2744 quum
221 2670 285 2743 ipse
305 2684 420 2743 semper
433 2685 519 2744 super
533 2669 589 2728 hoc
600 2669 637 2728 ad
651 2668 755 2729 Sedent
767 2669 911 2743 Apostoli·

117 2773 177 2817 eam
192 2757 378 2831 appellasset,
399 2765 449 2816 aut
460 2759 611 2816 memorati
632 2758 853 2831 predecessoris
868 2757 913 2816 sul

119 2846 288 2905 sententiam
309 2844 500 2915 confirmaret,
518 2854 688 2919 perpetuum
704 2846 849 2904 silentium
864 2860 909 2903 ar·

119 2934 300 3008 chlepiscopo
323 2932 497 3006 imponendo
513 2950 520 2991 :
536 2940 605 2991 tunc
625 2933 702 2992 idem
717 2932 909 3007 archiepisco·

120 3038 168 3096 pus
187 3022 344 3096 proposuit,
367 3020 443 3094 quod
460 3020 596 3079 abbasde
613 3021 678 3097 iuro
694 3022 840 3081 communi
855 3020 911 3079 sibi

121 3109 321 3185 professionem
338 3107 432 3168 iacere
447 3109 713 3184 tenebatur,.quam
726 3109 781 3169 sibi
795 3109 910 3185 petebat

120 3197 259 3257 humiliter
273 3197 403 3256 exhiberi
411 3211 421 3269 ;
444 3205 474 3255 tu
488 3198 748 3273 vero-respondisti
762 3214 779 3257 e
798 3205 909 3269 contra,

120 3287 189 3360 quod
211 3287 265 3346 etsi
288 3285 325 3344 ad
346 3284 374 3344 id
395 3286 534 3344 tenereris
553 3284 588 3343 de
609 3286 674 3360 iure
695 3285 851 3358 communi,
874 3285 911 3344 de

118 3374 176 3449 jure
188 3383 287 3434 nmen
300 3373 417 3448 speciali
424 3388 490 3431 eras
503 3381 667 3448 exemptus3
680 3373 837 3432 ostendens
850 3380 910 3431 ιιιιιι

121 3464 261 3537 priuilegia
275 3460 453 3521 fundationis
476 3461 619 3532 ecclesie,
634 3476 721 3535 quem
737 3462 910 3520 sententiam

121 3552 261 3610 memorati
286 3548 441 3609 Alexandri
460 3563 512 3623 pro
540 3551 716 3607 monasterio
742 3548 915 3622 promulgo·-

120 3647 192 3713 tam;
220 3647 248 3698 et
269 3637 464 3697 reconvenisti
489 3636 624 3696 eumdem
649 3637 907 3711 archiepiscopum,

121 3743 199 3801 arpen
211 3742 255 3798 eo,
272 3726 350 3801 quod
362 3734 462 3785 contra
475 3733 607 3785 tenorem
628 3725 843 3799 privilegiorum
868 3725 910 3783 tui

121 3818 279 3875 nonasterii
293 3815 427 3873 homines
441 3814 608 3885 servientes,
622 3821 651 3872 et
662 3813 782 3873 clericos
796 3821 860 3873 tuos
872 3812 908 3872 de

123 3902 198 3975 iacto,
210 3919 299 3977 quum
313 3903 349 3961 de
361 3905 425 3977 jure
440 3918 498 3961 uon
512 3911 619 3977 posset,
634 3902 907 3960 excommunicatio·

123 3993 162 4050 nis
177 3994 290 4052 uinculo
309 3990 476 4062 innodabat,
498 3998 526 4049 ct
545 3991 683 4050 ecelesias
704 3989 741 4049 ad
760 3998 905 4049 monaste·

123 4081 187 4139 rium
204 4090 380 4157 pertinentes
396 4078 575 4154 supponebat
599 4079 795 4137 ecclesiastico
816 4079 905 4136 inter·

122 4167 198 4228 dioto.
212 4171 363 4243 Quumque
382 4182 468 4242 super
486 4166 532 4225 his
550 4166 650 4225 luisset
668 4165 833 4240 munandin
847 4165 905 4225 dis·

124 4265 249 4332 putatum,
271 4257 407 4333 prelatus
430 4254 662 4329 archiepiscopus
682 4255 769 4313 alium
783 4254 838 4313 sibi
854 4268 906 4327 pe·

124 4346 161 4404 tiit
190 4349 342 4406 terminum
368 4344 520 4418 indulgeri,
544 4343 619 4402 intra
645 4358 731 4417 quem
762 4356 827 4401 cum
852 4357 906 4401 suo

125 4444 210 4507 possa
229 4435 387 4495 deliberare
412 4438 565 4491 conventu.
588 4432 682 4502 Quare
703 4429 780 4488 idem
801 4429 908 4502 prede

124 4535 209 4581 censu
222 4531 321 4582 noster
332 4522 486 4582 terminum
499 4533 591 4592 usque
606 4517 642 4576 ad
660 4516 766 4576 testum
778 4519 907 4576 omnium

125 4610 290 4683 Sanctorum,
308 4621 377 4669 tunc
397 4609 526 4683 proxime
538 4614 700 4678 uenturum,
724 4605 778 4663 sibi
793 4620 908 4664 conces·

125 4698 165 4769 sit,
185 4700 221 4758 ita
239 4699 315 4777 quod
334 4698 389 4757 nisi
409 4696 581 4756 deliberaret
597 4694 700 4754 cedere
712 4694 806 4767 potius
820 4708 906 4767 quant

125 4790 284 4848 connubere
301 4790 331 4846 in
349 4787 405 4845 hac
425 4800 525 4854 causa,
539 4799 574 4843 er
589 4791 659 4842 tunc
672 4796 815 4856 expensas
836 4780 908 4855 legi·

126 4875 209 4950 timus,
222 4892 292 4952 quas
303 4877 340 4936 dc
351 4873 582 4942 ceteroiaceres,
597 4871 649 4931 tibi
667 4870 819 4930 retundere
830 4877 907 4929 tene-

127 4976 202 5040 retur,
239 4971 265 5029 si
295 4969 476 5042 contingeret
506 4966 601 5040 ipsum
637 4964 812 5023 contrariam
837 4977 904 5023 sen·

127 5059 233 5116 entiam
265 5065 430 5134 reportare;
462 5054 591 5113 scribens
610 5048 777 5127 superbos
803 5052 906 5110 dilecto

127 5142 177 5202 lilio
192 5148 225 5207 ll.
241 5148 273 5207 G.
297 5146 369 5207 tituli
389 5147 418 5204 S.
436 5142 552 5203 hiartini
571 5142 737 5216 presbytero
757 5139 905 5210 cardinali,

127 5232 283 5307 lpestettes
312 5234 394 5293 Sedis
418 5233 531 5306 legato,
561 5238 592 5289 ut
613 5231 638 5288 si
661 5243 759 5288 coram
783 5243 819 5287 eo
841 5243 905 5303 par·

127 5327 165 5378 tes
197 5323 328 5382 ducerent
363 5320 543 5396 litigandum,
589 5319 650 5393 ipse
694 5317 907 5377 cantuariensis

128 5410 276 5470 conventus
289 5426 345 5471 una
358 5426 423 5469 cum
444 5408 660 5482 archiepiscopo
675 5421 751 5480 soepe
768 5406 844 5465 dicto
863 5405 904 5463 cl·

128 5500 170 5555 tati
187 5513 298 5560 causam
313 5499 432 5569 audiret,
453 5505 561 5556 etcum
583 5495 620 5554 ad
640 5494 743 5555 sedern
760 5493 904 5567 Apostoli·

129 5598 184 5645 eam
197 5590 347 5649 remitteret
360 5587 535 5649 suisscieuter
556 5586 733 5657 instructam,
752 5581 907 5658 prefigens

969 2309 1037 2367 licet
1050 2309 1172 2369 induciae
1187 2312 1222 2370 ad
1234 2311 1448 2373 deliberandum
1458 2331 1522 2373 cum
1543 2322 1686 2374 conventu
1700 2332 1764 2388 suo,

969 2398 1763 2490 utrumdeberetagere,velnousibiluissentindultae3

969 2488 1035 2560 quia
1048 2494 1145 2547 tamen
1155 2489 1282 2548 noudum
1295 2490 1330 2549 ad
1345 2493 1459 2566 propria
1474 2507 1606 2552 resersus
1621 2492 1722 2564 luerat,
1736 2501 1764 2552 et

969 2574 1040 2633 alias
1058 2590 1116 2634 uon
1138 2578 1230 2636 solum
1251 2579 1372 2639 ecclesia
1387 2595 1450 2651 sua,
1468 2581 1518 2639 sed
1531 2588 1621 2641 totum
1640 2597 1763 2657 regnum

967 2670 1030 2721 erat
1041 2664 1195 2738 turbatum,
1212 2681 1278 2726 cum
1295 2683 1349 2726 sno
1371 2676 1515 2728 conventu
1534 2669 1693 2730 deliberare
1704 2685 1763 2730 non

967 2758 1114 2826 potuernt;
1139 2769 1227 2828 quare
1246 2756 1359 2830 petebat
1380 2758 1435 2817 sibi
1458 2758 1608 2818 ulteriores
1632 2759 1764 2819 inducias

966 2840 1119 2916 indulgeri.
1135 2843 1336 2906 Procuratores
1357 2854 1452 2906 annm
1470 2847 1580 2921 prelati
1603 2848 1760 2922 responde·

965 2937 1060 2988 runte
1073 2938 1173 2991 conns
1196 2933 1273 3006 quod
1287 2933 1530 3009 archiepiscopus,
1547 2937 1601 2995 etsi
1621 2950 1680 2994 non
1697 2951 1761 3011 per·

965 3019 1112 3091 sonaliter,
1126 3020 1230 3080 saltem
1243 3037 1293 3096 per
1301 3025 1428 3093 nuntios,
1443 3029 1472 3081 et
1481 3024 1590 3081 litteras
1601 3022 1761 3082 deliberare

964 3122 1050 3181 super
1064 3106 1121 3166 hoc
1135 3116 1266 3183 potuerat
1277 3125 1343 3169 cum
1356 3118 1510 3182 conventu,
1521 3110 1598 3169 unde
1608 3126 1666 3170 non
1679 3120 1760 3171 erant

964 3196 992 3253 ei
1005 3195 1154 3255 ulteriores
1172 3197 1295 3256 inducie
1311 3197 1504 3273 indulgendae,
1526 3214 1564 3257 ne
1579 3199 1761 3273 prorogando

962 3283 1101 3357 judicium
1117 3283 1261 3343 videretur
1285 3285 1402 3359 justitie
1424 3284 1574 3359 derogare.
1594 3288 1654 3345 Nos
1674 3288 1762 3359 igitur

965 3371 1146 3430 attendentes
1156 3372 1233 3444 quod
1245 3373 1356 3444 squins
1375 3379 1433 3442 est,
1448 3373 1521 3446 parti
1544 3371 1580 3430 ad
1598 3372 1759 3432 deliberan-

964 3458 1033 3517 dum
1053 3459 1209 3533 largiorem
1223 3460 1376 3519 terminum
1391 3460 1550 3534 indulgere,
1572 3475 1659 3534 quam
1682 3462 1760 3520 litem

964 3547 1121 3607 breviandi.
1134 3554 1271 3622 pretextu
1290 3547 1446 3622 procedere
1474 3548 1571 3607 minus
1591 3549 1683 3622 clare3
1705 3565 1758 3610 vo·

963 3636 1112 3710 lentosque
1129 3637 1203 3695 dicto
1224 3636 1636 3712 archiepiscoponihilominus
1649 3639 1678 3698 in
1700 3638 1756 3701 hac

963 3725 1170 3800 perterruere,
1196 3725 1289 3785 adhuc
1309 3727 1337 3785 el
1357 3727 1502 3801 usquead
1522 3728 1684 3801 proximum
1706 3726 1760 3788 es

962 3822 1022 3873 tum
1037 3816 1068 3875 lt.
1084 3814 1232 3875 ilichaelis
1246 3814 1413 3891 archangeli
1427 3818 1581 3876 terminum
1596 3817 1632 3876 ad
1645 3817 1754 3876 delibe-

961 3903 1082 3963 randum
1096 3918 1203 3978 perse,
1220 3906 1266 3964 vel
1277 3920 1328 3978 per
1343 3906 1431 3965 alium
1440 3920 1507 3965 cum
1524 3914 1668 3965 conventu
1681 3905 1760 3965 duxl-

961 4006 1026 4051 mus
1039 3992 1257 4067 indulgendum,
1273 4008 1340 4052 eum
1360 3995 1472 4069 utrique
1492 3996 1566 4068 parti
1579 4009 1630 4068 pro
1646 4009 1756 4069 percm-

961 4081 1033 4140 torio
1045 4083 1245 4155 assignantcs3
1270 4082 1308 4140 ita
1324 4082 1399 4156 quod
1413 4083 1439 4141 si
1450 4090 1549 4141 contra
1567 4090 1597 4140 te
1611 4083 1757 4157 agendum

961 4185 1020 4229 non
1032 4169 1153 4241 duxerit,
1169 4185 1223 4229 nos
1237 4169 1274 4227 ab
1285 4169 1348 4242 ejus
1361 4185 1447 4244 super
1460 4169 1515 4229 hoc
1534 4170 1714 4245 impetitione
1728 4179 1757 4230 te

960 4258 1167 4318 sententialiter
1191 4257 1414 4316 absolveremus.
1439 4257 1521 4329 Quod
1548 4259 1573 4316 si
1599 4260 1701 4333 egerit,
1728 4266 1756 4315 et

961 4362 1028 4405 eum
1049 4347 1078 4403 in
1097 4360 1184 4405 causa
1208 4346 1271 4419 ipsa
1294 4344 1481 4403 succumbere
1501 4345 1572 4404 torto
1591 4346 1757 4417 contigerit,

961 4437 1055 4509 ipsum
1067 4434 1128 4503 tibi,
1143 4442 1174 4493 ut
1188 4433 1354 4507 predictum
1377 4440 1430 4501 est,
1448 4432 1715 4490 condemnaremus,
1726 4431 1757 4489 in

961 4523 1096 4597 expensis
1101 4537 1111 4595 3
1126 4521 1260 4580 eumdem
1270 4534 1384 4594 quoque
1395 4520 1548 4578 terminum
1561 4517 1697 4592 predicto
1713 4534 1757 4577 ar·

960 4611 1144 4684 chlepiscopo
1161 4609 1343 4684 assignantes
1365 4606 1401 4666 ad
1422 4606 1637 4666 deliberandum
1659 4614 1755 4667 utrum

960 4701 1028 4759 velit
1041 4698 1155 4769 cedere,
1177 4712 1214 4757 an
1234 4695 1405 4755 contendere
1420 4710 1505 4771 super
1524 4697 1570 4766 lis,
1589 4696 1692 4770 qulbus
1704 4712 1753 4756 co·
1811 4696 1813 4701 “

960 4803 1023 4847 ram
1034 4786 1187 4863 sepedicto
1202 4784 1372 4860 predecess.
1389 4793 1486 4843 nostro
1498 4800 1565 4844 euru
1578 4800 1753 4846 reconvene-

961 4892 1018 4950 rus,
1040 4885 1071 4936 ut
1090 4877 1224 4950 superius
1238 4881 1282 4934 est
1294 4889 1472 4948 expressum.
1488 4875 1629 4934 Preterea
1645 4874 1756 4950 prefati

960 4971 1159 5043 procuratores
1183 4965 1224 5023 tui
1257 4970 1485 5023 reconvenerunt
1507 4963 1755 5039 archiepiscopum

961 5056 1139 5116 nominatum
1164 5066 1250 5127 super
1275 5067 1311 5111 eo
1335 5051 1478 5122 videlicet,
1503 5052 1579 5127 quod
1620 5050 1757 5111 oliiclales

959 5144 1060 5218 ipsius,
1076 5149 1147 5201 teet
1161 5148 1333 5200 conventum
1353 5148 1433 5199 tuum
1452 5141 1620 5214 impediunt,
1641 5141 1754 5212 quemi·

961 5247 1015 5293 nus
1025 5231 1139 5307 possitis
1149 5244 1329 5305 congregare
1343 5228 1496 5303 synodum,
1511 5228 1656 5287 celebrare
1673 5229 1752 5301 capi·

960 5322 1061 5391 mlum,
1085 5327 1114 5379 et
1139 5318 1365 5393 jurisdictionem
1385 5318 1562 5392 spiritualem
1583 5318 1613 5373 in
1633 5313 1755 5373 subditis

960 5410 1142 5470 monasteriis
1169 5422 1313 5478 exercere,
1348 5405 1519 5465 beneilcium
1545 5408 1575 5461 in
1607 5405 1753 5475 integrum

960 5499 1145 5559 restitutionis
1169 5493 1357 5556 ¹nihilominus
1383 5494 1568 5567 postulantes,
1599 5506 1686 5565 super
1707 5508 1751 5564 eo,

961 5588 1037 5662 quod
1053 5585 1201 5663 cujusdem
1215 5584 1374 5659 personalis
1386 5580 1601 5655 compositionis
1616 5591 1753 5655 pretextu
