3952 6188
206 304 266 368 715
668 313 845 379 HONORII
867 314 913 379 111
933 316 1082 382 OPERA.
1096 348 1138 366 -
1152 317 1384 388 SERMONES,
1796 316 1856 382 tic

246 463 365 530 Tribus
379 468 486 531 modis
501 472 671 550 continget
685 478 793 540 motus
807 479 840 541 et
854 479 1001 543 titillatio
1055 482 1216 558 Operare,
1245 481 1325 559 quie
1350 496 1457 556 opera
1488 482 1625 543 weram
1658 479 1860 553 ,equester

207 563 330 625 carnis.
346 567 396 626 Ex
410 568 611 644 praecedenti
626 573 836 649 cogitatione,
852 591 927 638 cum
937 576 1003 640 ior·
1055 582 1129 642 iilos
1150 577 1264 657 (apoc.
1287 594 1356 651 nrm
1374 577 1439 657 13)·

207 675 278 721 mas
293 662 326 723 et
340 662 502 740 imagines
527 666 662 730 illicitas
676 670 766 734 intus
780 673 950 737 trahentes
965 676 1001 736 in
1095 680 1122 738 0
1136 679 1246 738 custos
1269 677 1392 749 vineae,
1405 676 1520 752 accipe
1538 669 1744 753 putatorium
1765 688 1857 735 vere

207 773 322 820 earum
336 763 604 827 retractationem
615 783 795 831 movemur.
811 773 861 832 iix
874 772 1001 834 ventris
1056 773 1330 851 compunctionis,
1346 774 1381 835 ut
1395 772 1546 851 praecisis
1560 771 1755 848 superfiuis,
1773 770 1859 832 aedi-

207 855 425 931 plenitudine,
451 861 528 937 quia
548 879 623 924 cum
642 866 760 928 venter
773 867 921 930 ciborum
938 885 1000 930 cu·
1056 872 1135 934 tices
1158 871 1243 933 vites
1264 870 1462 933 fructiferas.
1485 870 1607 947 Accipe
1630 870 1734 930 etiam
1757 870 1859 945 puta-

207 954 396 1018 mulositate
413 957 621 1030 distenditur,
645 962 800 1026 lascivias
814 966 855 1027 ad
877 968 1001 1028 motum
1055 970 1178 1031 terium
1191 984 1280 1031 verce
1295 967 1515 1039 contritionis,
1528 970 1561 1028 et
1577 981 1684 1043 ponas
1698 966 1743 1026 ad
1758 965 1856 1026 radi-

206 1049 351 1114 luxuriae
365 1055 560 1117 concitatur.
575 1061 624 1119 Ex
634 1061 772 1137 maligni
787 1063 923 1141 spiritus
938 1064 1003 1126 im·
1056 1081 1128 1127 cem
1150 1066 1229 1128 vitis
1250 1065 1477 1136 infructuose,
1500 1063 1578 1140 qnia
1597 1078 1657 1123 cor
1672 1062 1856 1123 contritum

207 1150 421 1225 pugnatione,
452 1152 529 1231 quia
556 1172 620 1232 quo
642 1160 752 1234 justus
780 1176 940 1237 superare
966 1178 1002 1223 se
1057 1166 1089 1224 et
1104 1163 1314 1225 humiliatum
1327 1165 1415 1223 Deus
1434 1176 1500 1222 non
1516 1160 1653 1238 spernit.
1670 1160 1857 1236 Operarius

208 1247 344 1309 minime
370 1265 466 1326 posse
499 1254 706 1330 considerat,
736 1273 776 1319 eo
805 1274 863 1335 per
891 1259 1002 1320 carnis
1056 1262 1113 1323 esi
1134 1262 1269 1338 Oportet
1288 1261 1321 1322 te
1348 1260 1383 1321 in
1396 1259 1496 1320 vinea
1511 1258 1621 1320 cordis
1635 1257 1686 1318 tui
1706 1257 1853 1333 operari.

206 1343 431 1408 titillationem
444 1350 580 1424 gravius
595 1367 652 1413 eos
664 1353 846 1431 impugnat.
863 1359 1003 1434 Propter
1057 1361 1131 1421 Non
1153 1358 1242 1420 enim
1257 1357 1367 1435 posuit
1378 1358 1411 1419 te
1430 1354 1589 1418 Dominus
1609 1356 1647 1416 ut
1661 1354 1783 1416 otieris
1799 1353 1855 1414 sed

208 1440 295 1503 hanc
308 1444 550 1521 superfluorum
565 1451 806 1513 resecationem
818 1453 899 1515 dicit
907 1457 1003 1517 lere-
1057 1459 1095 1519 ut
1106 1456 1265 1535 opereris,
1284 1470 1351 1517 non
1366 1456 1403 1516 ut
1416 1454 1568 1531 quiescas
1583 1451 1640 1513 sed
1658 1450 1853 1521 utlabmes,

207 1539 310 1601 miae:
326 1541 557 1608 Circumcidite
570 1547 800 1621 cordavestra,
809 1552 1001 1613 111111111-
1057 1571 1123 1616 non
1135 1555 1171 1616 ut
1184 1557 1318 1630 torpeas
1328 1552 1386 1613 sed
1399 1552 1435 1612 ut
1449 1550 1592 1612 unctum
1605 1549 1724 1622 iacias,
1739 1564 1806 1609 non
1816 1550 1853 1610 ut

208 1652 290 1713 pora
304 1642 426 1701 vestra.
443 1643 659 1706 circumcisio
670 1647 780 1708 cordis
794 1649 855 1720 est,
871 1650 1002 1726 quando
1057 1652 1172 1713 otieris
1183 1652 1316 1727 propter
1327 1664 1384 1711 eos
1394 1649 1451 1725 qui
1463 1647 1594 1710 stabant
1603 1647 1640 1707 in
1654 1645 1729 1707 loro
1743 1645 1853 1717 otiosi,

209 1734 308 1796 homo
336 1738 482 1801 continet
505 1755 564 1801 cor
591 1758 688 1803 sunm
714 1759 734 1804 a
756 1745 952 1808 crudelitate
971 1749 1004 1809 et
1058 1764 1141 1827 quos
1155 1748 1246 1809 misit
1263 1745 1504 1825 paterfamilias
1525 1745 1567 1806 ad
1593 1742 1806 1821 operandum
1821 1743 1855 1803 in

208 1833 366 1905 vanitate,
391 1836 425 1897 et
445 1837 542 1898 malis
561 1839 829 1915 cogitationibus.
851 1843 945 1905 Unde
968 1844 1003 1905 in
1058 1863 1155 1908 neam
1178 1861 1285 1916 suam,
1312 1844 1369 1906 sed
1398 1844 1434 1905 ut
1461 1841 1619 1920 opereris,
1648 1840 1730 1919 qnia
1755 1855 1854 1916 opera

209 1931 409 2005 Evangelio:
430 1937 481 1995 De
501 1939 603 1997 corde
624 1939 754 2000 careant
780 1941 1004 2018 cogitationes
1058 1959 1172 2005 eorum
1186 1944 1369 2021 sequuntur
1383 1941 1470 2001 illos.
1486 1939 1590 2001 Otiosi
1606 1938 1747 2016 qnidam
1770 1938 1856 1998 stant

208 2033 310 2089 1111011
324 2028 454 2107 (Matth.
471 2048 528 2102 nv,
547 2032 610 2113 19).
1057 2043 1126 2103 tota
1141 2041 1206 2113 die,
1221 2040 1278 2118 qui
1291 2039 1360 2101 toto
1369 2037 1606 2114 temporavitee
1626 2050 1698 2096 suae
1717 2036 1855 2111 torpen-

248 2129 393 2205 Ocustos
404 2130 523 2203 vineae,
534 2132 637 2208 vigila
647 2134 680 2196 11
689 2133 923 2213 circumspice;
937 2152 1002 2198 non
1057 2142 1120 2210 tes,
1140 2138 1182 2199 ad
1205 2138 1348 2199 fructum
1366 2135 1444 2197 boni
1467 2134 1577 2212 operis
1600 2147 1779 2208 nunquam·
1797 2147 1854 2192 as-

208 2225 297 2288 enim
325 2228 436 2304 posuit
452 2230 486 2291 te
509 2231 668 2295 Dominus
687 2233 729 2293 ad
753 2234 1002 2295 custodiendam
1057 2236 1208 2312 surgunt.
1224 2234 1348 2296 Deinde
1359 2234 1400 2294 ad
1415 2233 1548 2294 tertiam
1560 2229 1740 2300 culturam,
1756 2228 1853 2301 idest,

208 2323 340 2386 vineam
360 2328 396 2389 ut
414 2326 571 2400 dormias,
592 2329 650 2389 sed
669 2330 705 2392 ul
722 2331 853 2405 vigiles,
878 2348 944 2393 non
968 2334 1003 2395 ut
1057 2334 1099 2394 ad
1120 2330 1426 2411 propaginationem
1448 2328 1666 2389 accedamus:
1685 2326 1779 2402 quia,
1803 2325 1854 2386 si·

209 2423 350 2484 stolidus
378 2440 525 2498 maneas,
555 2426 612 2487 sed
641 2428 677 2489 ut
699 2428 836 2504 provide
866 2429 1003 2491 circum·
1057 2433 1114 2493 cut
1131 2430 1240 2493 bonus
1262 2428 1431 2490 laborator
1452 2427 1626 2487 vinearum
1651 2423 1753 2500 plicat
1775 2423 1855 2499 pai-

208 2519 342 2595 spicias,
359 2537 426 2583 non
441 2525 476 2583 ut
488 2522 645 2596 dormias,
659 2529 740 2598 quta
755 2529 813 2599 pai
826 2529 1003 2589 dormiant
1057 2528 1215 2597 11111111
1233 2526 1334 2588 mittit
1353 2539 1412 2585 eas
1426 2522 1486 2583 sub
1506 2524 1595 2583 terra
1620 2520 1664 2581 ad
1682 2519 1855 2581 faciendas

207 2617 306 2678 nocie
328 2621 515 2694 dormiant,
546 2622 580 2682 ei
597 2625 657 2695 pai
684 2625 771 2684 ebrii
792 2625 1002 2697 1111111111
1056 2625 1186 2687 radices
1206 2624 1241 2686 ut
1264 2621 1462 2684 fructificent
1482 2620 1578 2690 vites,
1595 2618 1643 2679 ita
1666 2634 1731 2679 nos
1755 2615 1854 2678 debe-

207 2715 294 2776 ebrti
312 2716 395 2777 surii
409 2713 438 2793 (I
457 2717 571 2779 Thess.
597 2734 632 2790 v,
648 2715 705 2797 7),
729 2720 786 2781 sed
809 2723 845 2782 ut
870 2721 1000 2798 vigiles,
1056 2741 1129 2786 mus
1139 2724 1175 2784 in
1184 2727 1307 2784 terram
1317 2720 1441 2798 plicare
1450 2717 1603 2794 palmites
1613 2715 1854 2790 cogitationum
1963 2720 1964 2723 ’

207 2811 286 2888 quia
307 2811 364 2889 qui
382 2827 479 2874 mane
504 2815 717 2889 vigilaverint
739 2818 780 2877 ad
805 2820 1001 2894 sapientiam
1056 2822 1245 2883 nostrarum
1259 2815 1447 2879 reducendo
1459 2814 1500 2875 ad
1516 2812 1711 2874 memoriam
1732 2813 1854 2888 praete·

207 2909 378 2971 invenient
391 2909 495 2971 illam.
509 2913 653 2973 Ocustos
665 2913 783 2986 vineae,
797 2915 912 2991 vigila,
924 2917 1001 2994 quia
1056 2918 1121 2980 rita
1144 2920 1297 2996 peccata,
1320 2913 1407 2975 sicut
1429 2912 1479 2973 est
1503 2909 1586 2970 illud
1609 2908 1748 2970 Sancti:
1774 2912 1850 2981 Fili,
1963 2940 1964 2943 ¹

207 3008 367 3070 Dominus
382 3010 495 3071 noster
515 3010 661 3088 quotidie
679 3011 796 3088 vigilat
815 3029 915 3091 super
937 3031 1000 3092 po·
1055 3018 1241 3079 recordare
1264 3014 1435 3074 1111111111
1458 3009 1529 3079 iae,
1557 3008 1590 3070 ei
1614 3009 1652 3068 in
1679 3007 1852 3068 oeterrium

206 3104 320 3182 pulum
337 3123 445 3168 suum.
462 3108 584 3184 Vigila,
614 3108 692 3185 quia
709 3109 745 3170 in
759 3110 873 3188 vigilia
888 3114 1000 3175 matu·
1055 3129 1124 3175 11111
1133 3113 1290 3187 peccabis
1305 3106 1417 3186 (Prov.
1432 3122 1493 3179 vn,
1509 3102 1562 3183 10)
1575 3106 1610 3167 11
1622 3104 1708 3167 Job:
1726 3106 1851 3164 Nudus

205 3203 278 3266 tina
302 3205 395 3268 venii
419 3206 578 3267 Dominus
597 3206 639 3268 ad
663 3207 861 3285 discipulos3
884 3211 998 3287 vigila,
1055 3224 1215 3288 epressas
1238 3222 1318 3269 sum
1344 3209 1385 3267 de
1408 3205 1510 3266 atero
1533 3203 1663 3264 matris
1684 3216 1788 3272 mese,
1817 3200 1851 3262 ei

206 3303 284 3380 quia
308 3305 459 3380 pastores
478 3305 575 3367 erant
596 3305 631 3366 in
656 3307 793 3381 regione
809 3307 867 3370 illa
889 3310 1002 3372 custo-
1054 3298 1659 3380 1111111111111110110111.121).

206 3399 334 3462 dientes
350 3401 484 3477 vigilias
501 3402 608 3464 noctis
621 3419 722 3480 super
735 3420 869 3481 gregem
884 3423 998 3481 sunm;
1094 3408 1254 3481 Egressus
1269 3401 1309 3462 de
1323 3402 1430 3473 utero,
1453 3401 1486 3461 et
1501 3399 1674 3474 ingressus
1688 3397 1726 3458 in
1740 3400 1849 3459 tumu-

204 3497 328 3573 vigila,
355 3499 432 3575 quia
460 3499 643 3575 vigilabant
671 3491 839 3576 mulieres,
869 3505 998 3581 quando
1054 3503 1121 3563 lum
1133 3501 1313 3563 novissima
1325 3499 1413 3570 sunt,
1425 3498 1459 3558 et
1468 3495 1543 3557 ideo
1552 3495 1783 3557 memoranda.
1795 3495 1848 3555 Sic

203 3594 359 3657 viderunt
384 3596 546 3672 Angelum
569 3597 611 3658 ad
639 3599 867 3675 sepulchrum
883 3602 996 3677 vigila,
1053 3600 1169 3678 plicuit
1180 3599 1279 3661 vitem
1297 3612 1391 3657 suam
1403 3594 1581 3665 Abraham,
1595 3593 1731 3671 quando
1743 3592 1847 3652 dixit:

205 3692 283 3768 quia
305 3691 334 3751 si
357 3693 457 3754 sciret
475 3693 731 3770 paterfamilias,
752 3713 817 3774 qua
839 3698 922 3760 hora
945 3699 999 3760 iur
1052 3701 1190 3771 Loqam
1203 3699 1247 3757 aci
1260 3697 1447 3756 Dominam
1466 3707 1583 3753 meam
1596 3706 1677 3752 cum
1689 3695 1759 3751 uim
1766 3694 1850 3763 pal-

204 3790 364 3851 venturus
388 3790 486 3860 esset,
505 3790 660 3866 vigilaret
682 3793 795 3870 utique
819 3794 851 3856 et
872 3812 938 3858 non
951 3798 999 3858 si·
1052 3799 1105 3856 ais
1133 3794 1166 3856 et
1193 3796 1280 3855 cinis
1309 3789 1404 3869 (Gen.
1433 3805 1529 3862 xvnr,
1558 3786 1626 3866 27).
1659 3787 1712 3847 Sic
1739 3785 1846 3847 Jacob

206 3886 301 3948 neret
312 3885 441 3963 periodi
454 3885 586 3947 domurn
602 3904 708 3949 suem.
1052 3891 1182 3970 quando
1192 3890 1276 3952 dixit
1288 3907 1295 3945 :
1311 3892 1430 3950 Mirior
1442 3903 1532 3959 sam,
1543 3889 1701 3953 Domine,
1714 3884 1848 3945 eunctis

243 3985 390 4046 Ocustos
409 3984 527 4057 vineae,
542 3985 571 4045 si
588 3986 760 4063 operarius
775 4003 824 4060 es,
844 4005 995 4066 operare,
1050 3989 1328 4050 miserationibus
1347 3986 1417 4047 iuis
1436 3983 1530 4062 (0111.
1553 3997 1663 4055 xxxin,
1688 3980 1756 4059 10).
1783 3984 1849 4042 Da·

203 4082 280 4159 quia
293 4086 390 4145 Jesus
402 4085 475 4144 erat
486 4084 609 4158 poteris
622 4088 659 4145 111
674 4097 777 4160 opere
789 4086 823 4147 et
835 4102 996 4149 sermone
1051 4087 1104 4148 vid
1129 4085 1259 4163 quando
1282 4083 1389 4144 dixit:
1416 4085 1540 4143 Unicus
1558 4082 1593 4142 et
1607 4095 1750 4155 pauper
1772 4094 1849 4141 11111

202 4178 297 4259 (Luc.
324 4196 419 4253 mv,
449 4179 513 4259 19).
550 4183 707 4258 Operare,
736 4183 813 4260 quia
838 4185 871 4246 et
895 4189 996 4248 Jesas
1050 4198 1112 4260 epo
1127 4181 1197 4263 (Ps.
1219 4182 1269 4254 24,
1288 4179 1351 4260 16).
1370 4181 1471 4241 Beata
1487 4178 1588 4240 etiam
1608 4177 1719 4237 Maria
1733 4176 1847 4254 plicuit

199 4280 302 4354 ccepti
315 4280 431 4354 facere
450 4280 485 4341 et
501 4283 622 4342 docere
636 4278 720 4359 (Act.
735 4297 758 4350 1,
777 4279 821 4359 1).
837 4283 993 4360 Operare,
1049 4282 1151 4343 vitem
1174 4294 1283 4350 snam,
1309 4276 1440 4355 quando
1476 4275 1588 4337 dixit:
1610 4277 1701 4336 Ecce
1726 4277 1847 4336 ancilla

200 4378 278 4454 quia
289 4377 545 4453 paterfamilias
559 4380 649 4439 ccciii
660 4382 776 4453 primo
796 4395 900 4442 meane
913 4396 996 4442 coa-
1051 4381 1198 4449 01111111,
1210 4377 1273 4449 liat
1286 4378 1371 4436 111011
1381 4377 1568 4436 secandam
1581 4375 1732 4433 verbum
1752 4373 1848 4433 ticam

198 4479 324 4538 ducere
338 4479 518 4560 operarios
536 4479 574 4537 in
589 4480 728 4539 cineam
745 4492 847 4538 secam
861 4476 992 4556 (Matth.
1050 4474 1142 4555 (Luc.
1172 4489 1196 4546 1,
1221 4472 1287 4552 38).
1314 4474 1354 4535 Et
1380 4471 1497 4533 beatus
1525 4469 1650 4531 Paulus
1674 4469 1847 4546 palmitem

197 4588 256 4640 xx,
273 4571 317 4651 1).
333 4575 489 4649 Operare,
505 4574 582 4650 quia
595 4573 652 4650 qui
666 4573 784 4636 lecerit
797 4576 831 4637 11
844 4575 994 4638 docuerit
1048 4587 1144 4633 snum
1160 4571 1334 4648 plicuerat,
1347 4568 1481 4647 quando
1504 4566 1657 4629 dicebat:
1673 4570 1759 4629 Noa
1772 4582 1848 4629 sum

199 4667 247 4728 sic
279 4668 447 4737 homines,
471 4685 611 4744 maguus
631 4670 804 4734 vocabitur
827 4672 861 4733 in
889 4689 993 4749 regno
1047 4673 1171 4746 clipeus
1199 4671 1318 4730 vocari
1341 4668 1526 4741 apostolas,
1542 4668 1625 4738 pata
1637 4666 1849 4738 persecutae

198 4762 357 4825 coelorum
386 4762 517 4842 (Matth.
557 4783 590 4837 v,
619 4766 683 4846 19).
713 4771 879 4844 Operare,
914 4770 991 4847 quia
1045 4784 1125 4830 sam
1143 4769 1332 4828 Ecclesiam
1354 4767 1419 4826 Dei
1444 4763 1473 4842 (1
1497 4765 1572 4824 Gor.
1601 4778 1659 4834 xv,
1684 4760 1734 4841 0).
1766 4765 1849 4824 Sunt

198 4874 267 4921 11111
284 4861 459 4922 auctiores
473 4865 556 4935 lepis
570 4865 629 4923 sect
642 4865 890 4936 factoresjasti
910 4870 992 4930 111111
1046 4865 1156 4926 autern
1171 4862 1326 4940 palmites
1337 4860 1433 4923 bonae
1447 4859 1668 4936 cogitationes
1681 4876 1760 4935 qnae
1769 4875 1849 4921 nas-

197 4958 289 5031 opud
320 4970 400 5016 eum
422 4955 531 5033 (Rom.
561 4973 597 5028 11,
628 4955 693 5036 13).
725 4962 881 5036 Operare,
911 4965 990 5041 quia
1046 4963 1167 5023 cuntur
1180 4961 1221 5020 de
1233 4958 1432 5020 contritione
1448 4956 1558 5019 cordis
1578 4955 1612 5018 et
1631 4955 1848 5018 confessione

196 5067 336 5128 regnum
352 5052 410 5113 Dei
425 5067 490 5113 non
506 5053 603 5114 estin
616 5069 779 5129 sermone,
796 5060 900 5121 sedin
915 5062 990 5122 vir·
1045 5059 1113 5120 oris
1128 5059 1161 5120 et
1181 5055 1409 5118 satisfactione
1424 5054 1548 5131 operis.
1566 5052 1661 5114 Unde
1683 5054 1848 5115 Dominus

195 5152 265 5212 tute
280 5165 427 5226 operum.
445 5151 600 5225 Operare,
618 5151 695 5227 quia
711 5169 824 5216 omnes
843 5158 989 5220 adstabi-
1045 5173 1103 5234 per
1121 5154 1345 5216 Ezechielem:
1370 5153 1588 5225 Quamcrnpae
1614 5154 1705 5212 hora
1725 5168 1848 5225 pecca-

195 5263 269 5307 mus
302 5249 379 5307 ante
410 5245 556 5307 tribunal
590 5246 731 5321 Christi,
772 5254 808 5315 ut
846 5257 988 5333 recipiat
1044 5255 1100 5315 ior
1117 5267 1304 5314 coerceretis
1322 5247 1432 5330 fuerit
1458 5250 1491 5310 et
1520 5249 1750 5324 imperauerit,
1773 5265 1850 5311 1111-

195 5344 421 5419 unusquisque
444 5340 623 5401 secundum
646 5359 685 5404 ea
707 5363 772 5408 non
794 5366 867 5426 quae
890 5352 984 5425 dixit,
1042 5355 1140 5412 11111111
1171 5349 1394 5422 iniquitatem
1425 5349 1501 5419 ejrcs
1532 5360 1602 5407 11111
1633 5350 1849 5408 recordabor

195 5439 252 5499 sed
268 5455 340 5514 quae
355 5438 432 5513 egit.
447 5440 821 5516 Operare,quiabeatas
837 5451 984 5511 1111111·-
1043 5447 1175 5527 (Erech.
1200 5459 1296 5516 xv111,
1321 5446 1358 5505 21
1385 5446 1419 5506 11
1441 5444 1538 5522 serp).
1566 5441 1601 5503 Si
1621 5458 1703 5519 ergo
1728 5460 1847 5505 sumus

195 5549 259 5595 aas
271 5550 382 5605 quem,
398 5549 477 5594 cam
490 5535 624 5596 venerii
637 5541 805 5604 Dominus
828 5547 987 5617 11111111-
1041 5545 1193 5621 palmites
1209 5543 1332 5614 invite,
1351 5541 1433 5603 illud
1453 5540 1567 5602 vinum
1586 5539 1687 5602 debet
1707 5557 1729 5602 a
1745 5541 1845 5603 nohis

197 5630 331 5689 venerit
358 5633 407 5689 sic
434 5631 615 5702 sementem
641 5632 771 5715 (Matth.
795 5657 887 5713 mv,
917 5642 982 5723 16).
1038 5643 1215 5719 profluere,
1247 5639 1333 5720 quod
1354 5639 1403 5701 sic
1431 5637 1600 5701 auditores
1630 5638 1779 5703 inebriet
1809 5640 1847 5702 ut
