3980 6198
271 275 328 333 ias
892 277 1069 339 bonomi
1084 278 1129 340 111
1151 282 1298 345 orani.
1866 297 1921 361 tet

270 423 465 487 electionem
484 424 701 501 procederent
721 423 909 501 interdixit3
932 429 1067 506 propter
1123 432 1237 504 vardo,
1260 434 1383 497 clerico
1416 437 1611 501 Nerienem.
1633 440 1808 517 utoecesis,
1824 460 1922 526 super

271 520 357 598 quod
374 538 449 582 cum
466 521 590 597 eligere
604 537 670 584 non
683 521 837 594 audeant,
853 523 948 585 Sedis
960 528 1067 602 Apos-
1120 529 1323 607 prebendati
1340 531 1501 597 beneflcio
1518 537 1554 597 in
1572 552 1687 600 eorum
1703 540 1855 605 ecclesia
1865 545 1921 607 ob-

269 618 378 681 tolicae
401 619 583 680 remedium
603 618 834 697 implorarunt.
862 623 942 683 cuin
963 622 1066 699 igitur
1119 628 1266 701 tinendo,
1284 631 1416 693 nostras
1436 633 1476 693 ad
1496 649 1554 696 eos
1577 636 1787 711 monitorias,
1812 642 1846 702 et
1866 641 1921 705 de-

271 732 336 778 non
360 718 463 794 prosit
486 715 608 778 statuta
630 717 666 778 iii
687 718 837 778 ecclesiis
859 718 943 791 lieri,
969 720 998 781 si
1012 736 1063 794 ea,
1120 741 1209 787 muni
1224 730 1459 806 praeceptorias
1475 730 1603 794 litteras
1617 734 1832 812 impetrante,
1846 739 1920 801 Bal·

244 806 248 817 '
269 814 413 876 maxime
429 814 535 885 utilia,
561 830 627 875 non
643 817 828 887 serventur,
851 817 1065 880 Fraternitati
1120 822 1252 896 duinus,
1265 824 1408 888 clericus
1423 830 1604 891 Tornacen.
1622 830 1788 905 dioecesis,
1808 838 1919 899 contri

269 911 334 972 tuae
348 910 553 983 mandamus,
568 914 731 989 quatenus
746 911 799 973 bis
820 928 887 975 non
903 913 1067 978 obstanti·
1120 935 1177 982 ecs
1189 937 1290 1001 super
1311 924 1476 986 consimili
1497 925 1659 990 beneflcio
1678 930 1714 990 in
1726 931 1846 992 eadem
1860 933 1920 996 sibi

267 1007 341 1081 bus,
367 1024 440 1086 quae
453 1025 512 1085 per
526 1009 720 1086 praedictum
739 1010 929 1087 episcopum
954 1012 1066 1074 taliter
1120 1019 1261 1082 ecclesia
1271 1022 1469 1106 conserendo
1484 1024 1524 1084 ad
1536 1022 1586 1103 (a)
1598 1026 1629 1086 J.
1640 1027 1919 1092 archidiaconum

269 1107 346 1167 sunt
359 1108 570 1183 praesumpta,
585 1106 689 1169 iacias
702 1107 743 1169 ad
760 1107 972 1185 praebendam
986 1109 1065 1171 dicti
1120 1118 1302 1179 Tarracon.
1318 1120 1352 1181 et
1365 1123 1438 1198 ejus
1450 1121 1606 1198 collegas,
1623 1123 1664 1185 de
1678 1126 1853 1201 praedictis
1867 1129 1920 1191 lit-

269 1204 414 1264 cantoris
429 1219 489 1280 per
507 1219 564 1265 eos
580 1204 620 1265 ad
639 1220 721 1282 quos
735 1207 792 1282 jus
807 1205 951 1281 eligendi
965 1222 1064 1284 spec·
1119 1214 1200 1275 teris
1221 1230 1288 1276 non
1311 1216 1424 1279 habita
1450 1220 1628 1292 mentione,
1657 1224 1874 1286 executorias
1900 1243 1919 1287 a

268 1301 340 1363 tare
355 1300 569 1375 dignoscitur,
584 1301 739 1363 idoneum
753 1303 845 1379 eligi,
859 1304 893 1363 in
906 1303 1066 1366 diacona·
1120 1310 1214 1373 nobis
1228 1313 1357 1375 litteras
1370 1316 1571 1394 impetrarit,
1592 1318 1660 1395 qui,
1677 1319 1752 1397 post
1766 1323 1918 1399 appella-

189 1482 193 1488 ,
268 1396 333 1467 tus,
350 1397 402 1457 vel
418 1397 596 1459 sacerdotii
611 1398 726 1460 ordine
742 1399 969 1462 constitutum·
1118 1410 1243 1471 tionem
1257 1410 1299 1472 ad
1318 1427 1378 1473 iios
1393 1413 1633 1490 interpositam,
1650 1416 1685 1477 in
1700 1433 1759 1478 eos
1778 1434 1919 1498 suspen·

699 1560 713 1583 τ
1120 1507 1919 1588 εἰοιιίεεεηιειιιιεεριοιιιιειωιι;εεᾱὶειιιεῐι.ειι-

528 1558 740 1645 ΤῙΤῙΠΜ
766 1560 806 1644 Π
1059 1658 1066 1669 ,
1119 1620 1179 1681 per
1197 1607 1393 1668 executione
1407 1608 1552 1670 mandati
1566 1611 1682 1679 nostri,
1697 1628 1758 1688 pro
1772 1629 1814 1674 eo
1828 1614 1914 1687 sacti,

498 1714 542 1762 bu
569 1715 764 1763 nascereris
775 1698 834 1780 (1).
1119 1701 1160 1762 ad
1174 1702 1409 1765 scholasticum
1424 1706 1531 1767 sancti
1549 1707 1698 1777 Quintini
1714 1710 1872 1773 Noviom.
1886 1715 1918 1774 et

1119 1800 1309 1877 conjudices
1324 1804 1408 1879 etus,
1422 1802 1565 1864 obtinuit
1578 1805 1701 1882 scripta
1715 1808 1846 1880 nostra,
1863 1810 1916 1887 qai

1118 1896 1265 1959 tulerunt
1288 1899 1516 1977 suspensionis
1539 1901 1573 1963 et
1594 1905 1915 1968 excommunicatio·

1117 1994 1171 2055 nis
1184 1996 1365 2058 sententias
1379 1998 1414 2058 in
1429 1998 1572 2060 eosdem.
1589 2000 1683 2062 Unde
1696 2000 1796 2063 nobis
1809 2003 1917 2065 humi-

1118 2089 1194 2152 liter
1207 2093 1446 2169 supplicarunt,
1464 2096 1612 2175 utquam
1629 2098 1664 2159 iii
1678 2099 1798 2162 eadem
1811 2104 1917 2165 eccle-

1118 2189 1168 2249 sia
1182 2188 1354 2252 duodecim
1378 2192 1603 2257 tantummodo
1625 2196 1693 2258 sint
1714 2198 1914 2274 praebendae,

1117 2286 1151 2347 et
1162 2285 1202 2347 ob
1215 2286 1278 2348 hoc
1292 2303 1359 2348 non
1372 2288 1444 2350 sine
1458 2306 1578 2367 magno
1600 2296 1797 2368 gravamine
1819 2298 1916 2358 simul

1117 2383 1291 2459 providere
1305 2387 1449 2462 possent,
1466 2389 1566 2465 utque
1581 2387 1769 2453 faceremus
1782 2394 1914 2456 easdem

265 1798 395 1903 Abbati,
421 1833 454 1893 el
468 1835 590 1893 Priori
611 1833 722 1897 sartcti
734 1836 899 1923 Profecti,
916 1834 951 1895 ct
969 1839 997 1895 Ι.
1022 1837 1064 1897 de

304 1933 385 1990 vitto
411 1931 513 1990 Wadc
529 1926 578 2008 (a)
611 1931 781 1993 conculco
804 1932 924 1993 Sancte·
953 1933 1063 1998 outa·

306 2027 370 2087 liat
388 2022 450 2105 (b),
464 2029 721 2089 Noviomettst‘s.

571 2149 708 2241 cirur
729 2182 753 2240 i.

303 2301 445 2379 Capituli
462 2302 585 2364 sanctae
602 2302 718 2364 crucis
735 2303 984 2365 cameracensis
1002 2319 1064 2365 ex-

264 2397 369 2460 hibita
382 2397 477 2460 nobis
494 2399 609 2475 petitio
628 2398 821 2471 declaravit,
837 2397 1063 2479 quod(c)1te-

1117 2578 1164 2637 tto.
1180 2582 1215 2649 V,
1240 2580 1348 2640 daaal.
1368 2583 1617 2642 dotto-Ftaadrie.
1633 2586 1715 2643 iiunc
1730 2583 1910 2644 archidiaco-

1116 2664 1184 2707 num
1197 2651 1313 2723 quidam
1335 2654 1500 2710 existimant
1520 2669 1585 2711 esse
1606 2655 1743 2713 lacobum
1760 2658 1912 2714 Pantaleo-

1115 2735 1192 2790 nem,
1209 2723 1257 2793 qui
1272 2721 1376 2780 deinde
1391 2720 1553 2781 patriarcha
1577 2726 1867 2798 Hierosolymitanus‚
1880 2742 1913 2784 ac

1115 2792 1295 2864 postmodum
1305 2793 1434 2850 Pontifex
1443 2796 1517 2853 liar.
1526 2796 1711 2864 Urbannslv‚
1719 2806 1912 2869 nuncupatus.

1150 2864 1374 2935 Hoccapitulum
1385 2880 1521 2991 magnam
1534 2868 1644 2939 peperit
1652 2868 1868 2925 contentionem
1877 2869 1914 2925 in·

1114 2939 1157 2989 ter
1171 2935 1349 3006 interpretes,
1374 2942 1403 2991 et
1418 2952 1433 2991 a
1446 2951 1489 2993 ias
1511 2952 1562 3008 pro
1584 2936 1719 2994 cathedra
1741 2945 1870 2995 vacante
1883 2939 1913 2995 in

1114 3011 1211 3061 nostra
1221 3007 1406 3063 universitate
1426 3008 1566 3063 Tolosatis
1587 3012 1616 3064 in
1639 3016 1843 3080 argumentum
1859 3024 1910 3082 pu·

263 2599 344 2655 nuni,
365 2587 394 2642 in
409 2589 583 2657 caiapitetle
603 2587 650 2653 ιθ,
667 2587 700 2655 Q.
718 2588 744 2655 S,
766 2587 841 2658 quod
862 2594 906 2644 est
925 2587 1059 2661 frequen·

262 2656 319 2712 tius
345 2664 373 2713 ει
385 2658 415 2712 in
425 2657 474 2729 jus
486 2665 595 2714 certum
607 2658 728 2726 transiit,
741 2672 846 2729 nempe
861 2665 891 2714 ut
904 2660 952 2730 qui
970 2660 1006 2716 ad
1019 2674 1062 2716 ss·

263 2696 421 2783 cerdatium
452 2727 614 2799 promoveri
637 2728 732 2784 statim
762 2735 925 2797 teneantur,
953 2744 1060 2787 annum

263 2803 359 2852 tamen
371 2797 505 2865 habeant,
514 2814 575 2868 cap.
588 2799 802 2865 thermedam
812 2800 901 2867 elect,
919 2800 950 2855 tc
960 2800 986 2858 6.

299 2866 340 2938 (ι)
360 2869 453 2927 bieme
470 2869 532 2925 titre
547 2867 618 2925 dans
632 2868 658 2925 la
675 2869 844 2941 compilatio
860 2872 963 2927 Prima.
981 2872 1061 2929 Dans

260 2936 477 3066 tregiccrttaies
485 2937 705 3012 Gre'goriennes,
715 2940 748 2996 dc
759 2941 921 3011 descriptis,
930 2940 1022 2999 forme
1034 2943 1061 2999 le

262 3009 296 3065 tit
329 3051 335 3065 .

143 5396 146 5400 Α
168 5370 173 5380 -
252 5335 454 5409 suffraganeus
470 5334 704 5403 Remcasis3imo
718 5337 873 5408 antiquitus

299 3078 340 3152 (a)
350 3081 501 3152 inscriptio
513 3080 599 3154 hujus
613 3096 677 3155 cap.
694 3080 817 3138 ostendit
832 3096 917 3153 quani
934 3081 1005 3140 laisa
1020 3084 1061 3140 sit

260 3150 307 3207 illa
338 3164 401 3220 auae
426 3159 471 3208 est
493 3153 522 3208 in
542 3151 666 3209 editione
690 3153 880 3209 Decretalium
908 3153 962 3210 Gre
986 3155 1057 3223 orii,

261 3221 893 3294 cap.30,tocllt.Episcopcbepioaensimhas,
902 3225 940 3279 Le
977 3226 1057 3289 masi,

260 3299 380 3376 utraque
402 3295 479 3350 nulio
501 3301 584 3365 pacto
603 3293 745 3366 coagruit.
774 3296 865 3366 Huyus
888 3295 1057 3352 correctioni

260 3364 340 3420 matti
350 3377 498 3435 perperam
512 3365 689 3422 insudarunt.
699 3367 772 3425 Vera
787 3365 934 3435 inscriptio
944 3366 972 3422 in
986 3365 1056 3422 duo-

259 3432 312 3490 bus
338 3436 415 3492 tiss.
439 3436 532 3492 oblati
552 3440 577 3491 et
598 3436 704 3506 priori,
737 3435 780 3491 cel
795 3436 944 3506 proprtcrl
967 3437 1058 3493 saactt‘

259 3504 391 3575 Proyectt}
406 3511 431 3561 et
443 3507 467 3562 i.
487 3506 603 3562 darilla
620 3507 705 3562 Wadc
718 3506 860 3562 canonica
869 3507 961 3562 sattcti
972 3507 1057 3572 Qatn-

259 3574 314 3630 ttai
339 3576 545 3632 h'oat'omeatis.
572 3575 692 3632 abbatia
733 3576 760 3632 S.
793 3575 924 3646 projecti,
949 3575 1058 3634 ordinis

260 3646 289 3702 S.
315 3647 475 3714 Benedicti,
502 3645 705 3703 Noviomensis
730 3643 873 3711 dioecesis‚
901 3647 929 3702 in
953 3647 1055 3703 subur·

259 3715 307 3771 bio
340 3717 430 3773 sancti
460 3716 596 3785 Quintini.
632 3715 704 3772 Vide
733 3715 894 3773 chronicon
927 3717 1056 3775 camera·

259 3799 356 3856 cente,
374 3787 421 3843 tib.
435 3789 486 3853 lli,
498 3801 561 3857 cap.
582 3787 610 3843 3.
627 3788 689 3843 Duo
701 3792 768 3841 sunt
782 3786 810 3842 S.
834 3786 965 3858 Proiecti,
981 3802 1056 3847 unus

258 3864 365 3929 martyr
379 3872 445 3914 cum
461 3858 488 3914 S.
505 3857 625 3929 Thyrso,
650 3857 678 3912 in
697 3856 898 3940 Martyrologio
918 3858 1011 3927 Rom,
1027 3867 1056 3917 et

258 3927 288 3982 in
301 3928 445 3984 Breviario
459 3928 597 3984 Toletano
623 3927 651 3983 S.
678 3926 794 3996 isidori;
815 3928 888 4007 alins
903 3928 1055 4001 episcopus

257 3998 446 4054 nivernensis
459 4005 489 4054 ει
507 4004 622 4071 martyr,
646 3998 694 4068 qui
718 4004 747 4053 et
763 3999 917 4070 Praeycctus
937 4008 1055 4057 vocatur

258 4068 294 4124 ab
313 4068 443 4125 Usuardo
457 4076 485 4124 et
504 4082 520 4125 a
537 4068 695 4139 Sigeberto,
712 4069 740 4123 in
760 4067 872 4135 chron,
899 4083 975 4125 anuo
989 4071 1053 4141 670,

256 4138 345 4263 ιιιιὲο
359 4140 386 4195 S.
403 4138 486 4205 Pria,
499 4137 621 4195 Dubium
635 4140 680 4194 ciii
696 4137 758 4194 haec
769 4138 889 4196 Abbatia
904 4139 1007 4197 dicata.

294 4210 304 4278 (
323 4210 333 4281 )
355 4209 494 4265 canonico
505 4210 601 4266 Sancti
612 4210 750 4276 Qatattat.
766 4210 860 4266 Sancti
875 4210 1000 4278 Quintini
1016 4210 1054 4269 ia·

257 4293 326 4335 num
352 4279 493 4351 praecipua
523 4278 592 4335 otini
620 4279 887 4346 veromanduorum,
915 4283 1052 4340 comitum

256 4348 350 4417 sedes,
378 4349 505 4421 ejusdem
533 4348 665 4407 dioecesis
684 4351 892 4408 Noviomensis.
922 4353 1051 4424 Augusta

255 4420 521 4478 veromanduorum
530 4422 604 4478 male
612 4421 718 4479 credita
730 4437 745 4479 a
756 4421 881 4494 losepho
892 4422 1049 4494 scaligero,

256 4490 284 4546 in
297 4490 412 4549 Nott'ct'o
422 4492 531 4559 Gallim,
543 4491 612 4549 nihil
628 4494 705 4549 enini
717 4499 805 4548 restat
817 4507 851 4548 ex
871 4490 1051 4550 haceivttate

255 4561 355 4619 olime
376 4563 434 4618 isco
457 4562 492 4619 ali
513 4562 554 4634 (et
568 4564 703 4621 translata
723 4562 929 4620 Noviomuma
950 4571 1050 4621 sancto

255 4577 401 4714 bederga,
428 4578 475 4688 flat
492 4634 627 4717 episcopo
643 4633 856 4716 ,Noviomensh
889 4647 974 4705 quani
989 4648 1048 4691 coe·

255 4701 371 4759 nubium
386 4709 414 4757 et
422 4702 534 4759 abbatia
543 4718 666 4775 insignis
678 4702 786 4760 ordinis
796 4704 1049 4761 Praemonstiaten·

254 4771 295 4828 sis
306 4771 379 4828 inter
395 4775 681 4841 Peronam,etsancti
693 4773 819 4841 Quintini
836 4775 946 4830 Fanum
965 4772 1050 4832 bodie

254 4856 360 4898 nomen
376 4842 478 4899 retinet
494 4844 635 4901 Vcrmaad
655 4844 776 4924 Abbayr.
794 4842 932 4900 liebertus
946 4845 1047 4903 ciens·

254 4911 300 4979 lis,
313 4920 341 4968 et
357 4915 387 4969 P.
403 4912 518 4970 Divaeus
530 4915 558 4970 itt
574 4913 667 4970 libello
676 4912 879 4984 eattyat'tatam
892 4914 993 4984 Belpii.

291 4981 481 5054 (ethecarum
498 4985 612 5042 Falsum
624 4991 668 5040 est
678 4983 763 5057 igitur
774 4982 848 5055 quod
865 4983 962 5043 scribit
980 4985 1046 5043 ilai-

253 5053 377 5110 mundus
391 5054 427 5112 de
439 5053 622 5112 callimacho.

290 5122 332 5196 (rt)
362 5124 602 5181 Archidicroaum
638 5123 846 5182 Tmoucaisem.
881 5126 956 5183 litate
987 5126 1045 5184 Ar·

253 5194 456 5266 chicpitcopum
480 5195 679 5250 Tornoceasem
703 5209 719 5251 a
743 5194 912 5253 Raimnndo.
937 5198 1044 5255 'lorna-

253 5279 318 5321 cum
344 5270 467 5322 nonest
489 5262 760 5336 archiepiscopatus,
791 5266 842 5323 sed
866 5268 1047 5396 episcggcnltlus

909 5353 941 5395 or
1017 5354 1045 5395 iii

251 5407 362 5463 unitum
374 5403 424 5463 luit
435 5403 630 5473 Noviomensi,
645 5420 720 5463 anno
729 5407 790 5475 528,
799 5407 851 5464 sub
863 5410 896 5465 D.
910 5409 1046 5467 blederdo

250 5490 342 5603 itit
359 5474 535 5627 didicit
549 5474 1043 5621 littittttttttttttff'tttt:

250 5617 330 5687 ginta
357 5630 439 5672 annis
460 5623 526 5672 aitte
554 5617 707 5674 llononiini
736 5628 872 5678 nostrum.
895 5621 1044 5680 buzelinus

1113 3073 1194 3131 blica
1208 3074 1408 3202 disputationis
1419 3076 1613 3158 pertriduum,
1626 3086 1658 3135 ut
1676 3093 1738 3134 moe
1752 3088 1808 3143 est,
1822 3095 1911 3153 pras·

1113 3146 1234 3218 criptum
1256 3147 1306 3204 uit.
1322 3147 1408 3218 cuy'us
1418 3147 1482 3204 ideo
1496 3147 1637 3206 lubentius
1651 3148 1835 3222 hypothesim
1851 3165 1913 3223 pre

1114 3230 1200 3288 pono,
1216 3216 1291 3288 quod
1303 3232 1406 3275 omnes
1417 3216 1477 3274 iere
1492 3218 1520 3273 iii
1539 3217 1593 3276 hac
1605 3227 1686 3291 parte
1725 3222 1855 3277 ermrint
1877 3234 1912 3278 ea

1112 3285 1188 3413 ι(ξιιοιι
1202 3286 1287 3414 hujus
1307 3289 1431 3361 antiqua
1445 3290 1657 3360 compilationis
1682 3234 1768 3348 ligem
1783 3305 1844 3349 non
1856 3261 1910 3348 ha·

1132 3372 1222 3414 ercii.

1148 3428 1303 3487 Baevardus
1335 3430 1456 3488 clericus
1470 3432 1672 3490 Noviomensis
1698 3433 1840 3501 ecclesie,
1861 3447 1911 3506 pro
1984 3434 1985 3495 l

1112 3499 1264 3570 praebenda
1281 3472 1434 3558 obtinenda
1448 3502 1476 3557 iii
1490 3504 1610 3560 ecclesia
1623 3505 1652 3560 S.
1666 3504 1762 3561 crucis
1776 3504 1910 3561 camera·
1984 3500 1985 3517 ¹

1111 3572 1200 3639 censi,
1222 3571 1330 3628 litteras
1345 3573 1510 3629 monitorias
1531 3588 1565 3630 ac
1589 3575 1789 3646 praeceptorias
1804 3573 1843 3632 ed
1861 3588 1909 3632 ca·

1112 3641 1230 3713 pitulum
1249 3643 1442 3700 etcanonicos
1453 3643 1674 3703 cameracenses
1691 3646 1912 3716 impetratpos·

1110 3718 1156 3768 tea
1171 3712 1335 3780 balduinus,
1363 3713 1486 3770 clericus
1508 3715 1704 3778 carnetensis,
1720 3729 1773 3786 pro
1807 3715 1910 3772 eodem

1110 3783 1288 3840 executorias
1303 3784 1411 3841 litteras
1422 3783 1586 3856 impetravit
1605 3785 1641 3842 ad
1659 3785 1801 3843 lucabum
1817 3784 1909 3844 archi·

1109 3852 1261 3910 diaconum
1298 3855 1519 3924 bernacensem,
1545 3864 1574 3912 et
1599 3855 1661 3928 ejus
1690 3856 1834 3929 collegas,
1859 3870 1909 3915 seu

1108 3924 1319 3981 concanonicos
1331 3926 1460 3997 scriptas,
1480 3926 1556 3982 nulia
1573 3926 1646 3984 iacta
1663 3928 1813 3983 mentione
1833 3927 1907 3985 titte-

1109 4008 1303 4067 rerumquae
1318 3996 1472 4053 lietardus
1490 3996 1659 4054 obtinuerat.
1676 3997 1849 4054 Nolentibus
1862 4010 1909 4055 ca·

1109 4066 1219 4121 nonicis
1241 4065 1493 4123 cameracensibus
1512 4081 1612 4139 parere
1633 4066 1797 4138 hujusmodi
1824 4082 1908 4125 man-

1107 4133 1909 4209 dato,lacobusetey'ussociussuspensionissententiem

1107 4205 1135 4261 iii
1147 4220 1197 4263 eos
1207 4206 1339 4273 tuterunt,
1355 4208 1421 4263 licet
1431 4207 1490 4279 jem
1506 4209 1559 4280 ipsi
1573 4208 1607 4264 ab
1619 4210 1793 4266 executoriis
1805 4209 1909 4266 litteris

1107 4277 1308 4348 appellassent.
1326 4276 1433 4334 Deinde
1454 4277 1607 4335 hevardus
1622 4278 1757 4350 proedicto
1771 4278 1862 4347 lacto,
1882 4277 1909 4335 id

1106 4354 1150 4403 est
1160 4347 1296 4418 petitione
1308 4362 1370 4415 sua,
1382 4363 1433 4419 per
1445 4349 1553 4405 litteras
1564 4351 1767 4420 praeceptorias
1776 4358 1806 4407 et
1819 4349 1911 4406 inani·

1106 4418 1193 4475 torius
1215 4417 1300 4487 laete,
1328 4418 1364 4474 ad
1386 4417 1588 4476 scholasticum
1617 4420 1709 4476 sancti
1724 4419 1857 4489 Quintini
1881 4426 1911 4477 et

1105 4488 1269 4560 conjudices
1279 4490 1383 4571 pariter
1393 4490 1571 4546 executorias
1583 4488 1618 4546 ab
1629 4491 1755 4547 Honorio
1769 4491 1910 4573 impetra-

1105 4558 1154 4629 vit,
1171 4559 1218 4630 qui
1240 4557 1355 4630 quidem
1380 4560 1467 4616 etiam
1490 4560 1662 4617 sententiam
1687 4561 1908 4631 suspensionis,

1104 4635 1133 4685 et
1154 4628 1459 4687 excommunicationis
1483 4628 1512 4686 in
1538 4629 1655 4687 eosdem
1680 4631 1911 4689 cameracenses

1104 4698 1259 4757 canonicos
1273 4701 1406 4757 tulerunt.
1424 4699 1546 4758 lindebi
1560 4701 1596 4757 ad
1618 4714 1762 4758 summum
1786 4701 1908 4760 Pantili-

1103 4783 1166 4826 cem
1177 4778 1334 4838 recurrunt,
1351 4778 1380 4827 et
1393 4777 1600 4842 representant
1611 4770 1764 4829 duodecim
1776 4779 1908 4830 tantum·

1103 4838 1189 4897 modo
1200 4855 1264 4898 csse
1279 4840 1448 4914 praebendas
1462 4841 1491 4896 in
1503 4841 1579 4898 dicto
1592 4841 1717 4912 capituto
1739 4857 1776 4899 ex
1791 4844 1911 4902 statutis

1100 4909 1285 4983 iureiurando
1294 4910 1480 4982 confirmatis3
1491 4920 1520 4969 et
1529 4913 1568 4969 ita
1577 4913 1640 4969 sine
1651 4926 1758 4985 magno
1767 4914 1910 4972 Ecclesia

1102 4980 1252 5053 dispendio
1265 4989 1426 5056 utrumque,
1443 4981 1612 5039 herardum
1626 4983 1735 5040 scilicet
1749 4990 1779 5040 et
1788 4984 1907 5042 Batdui·

1103 5065 1171 5109 num
1197 5052 1379 5125 priebendam
1402 5066 1459 5109 non
1479 5066 1564 5124 posse
1586 5052 1726 5112 obtinere.
1753 5054 1908 5128 Rogantes

1102 5122 1217 5194 insuper
1230 5131 1263 5181 nt
1286 5123 1442 5181 sententias
1457 5123 1762 5181 excommunicationis
1786 5133 1817 5181 et
1841 5140 1907 5184 sus·

1139 5194 1248 5251 nsionis
1261 5208 1396 5251 revocare
1410 5192 1586 5266 dignaretur,
1599 5208 1634 5251 eo
1642 5194 1719 5264 qnod
1731 5195 1759 5250 iii
1771 5197 1908 5268 utrisque

1112 5266 1202 5322 itteris
1219 5279 1388 5337 expressum
1402 5271 1488 5331 esset,
1505 5265 1672 5322 deecclesia
1687 5265 1910 5325 cameracensis

1101 5335 1129 5392 in
1145 5336 1261 5393 atterius
1281 5335 1444 5407 receptione
1455 5333 1593 5392 damnum
1615 5335 1743 5392 sentiret.
1761 5334 1833 5393 ideo
1845 5339 1905 5395 lic·

1100 5408 1199 5464 nerias
1208 5404 1371 5479 respondet,
1387 5405 1414 5460 ei
1427 5410 1536 5462 tantum
1548 5404 1732 5476 praebendam
1747 5408 1906 5480 assignan-

1100 5476 1165 5534 dam
1180 5475 1251 5546 iore,
1267 5476 1403 5548 qniprius
1422 5474 1586 5531 mandatum
1609 5477 1776 5547 reportavit,
1793 5478 1908 5537 sublata

1099 5548 1332 5605 etiamsententia
1340 5546 1644 5603 excommunicationis
1651 5553 1679 5602 et
1692 5548 1906 5619 suspensionis.

1134 5621 1177 5675 Ex
1200 5617 1254 5675 hac
1280 5616 1463 5674 conclusione
1490 5617 1608 5673 lionorii
1639 5617 1674 5674 tie
1697 5632 1807 5691 magna
1831 5620 1908 5677 inter
