3996 6196
222 264 309 329 mir

224 423 317 484 tidelis
337 427 433 484 anima
461 424 546 485 debet
569 426 719 500 concipere
742 425 895 498 ChrIstum
924 426 953 486 id
976 435 1020 487 est

224 537 297 597 opus
318 523 484 598 perlectum,
514 540 565 599 per
589 525 674 583 iidem
697 526 727 584 in
750 527 867 583 animo:
893 533 922 584 et
947 526 1020 585 sicut

224 622 311 679 Beeta
323 624 413 696 Virgo
424 624 535 697 peperit
549 623 691 682 Christum
705 624 734 680 in
753 624 860 696 seculo,
875 625 913 682 ita
929 624 1021 682 fidelis

225 720 322 777 anima
337 718 421 778 debet
435 734 535 793 parere
552 720 705 791 Christum,
718 721 806 793 idest,
819 737 891 796 opus
907 720 973 796 peri
1007 753 1017 765 ·

227 823 287 873 tum
302 817 331 873 in
346 832 441 890 opere.
459 817 612 889 Debemus,
635 818 746 888 iratres,
768 821 936 894 nosmetipsi
956 836 1018 878 ma·

224 919 282 972 tres
297 929 362 971 esse
376 914 489 987 Christi,
498 917 523 973 si
531 917 663 975 volumus
672 933 736 976 esse
749 917 836 989 beati,
849 919 874 975 si
888 919 1020 977 volumus

224 1025 289 1069 esse
301 1012 411 1086 justi.»

259 1112 338 1169 Dans
352 1127 385 1170 ce
397 1128 522 1184 sermon,
538 1115 587 1189 qui
597 1122 640 1173 est
650 1115 707 1173 l’un
722 1115 774 1173 des
788 1113 1021 1190 plusconsidera·

223 1205 286 1266 bles
300 1207 335 1265 de
351 1211 504 1282 Honorius,
518 1228 590 1271 nous
603 1220 739 1271 tronvons
750 1229 799 1271 sur
812 1212 1018 1273 l'lmmaculee·

225 1308 400 1382 conception
410 1309 436 1366 le
446 1324 571 1384 passage
581 1312 709 1370 suivant:
722 1335 733 1364 ι
746 1315 863 1371 Beatam
871 1311 1021 1386 Virginem

224 1406 423 1476 sanctificavit,
439 1407 467 1464 id
484 1416 528 1466 est
542 1408 578 1465 ab
593 1410 725 1483 originali
741 1417 859 1484 peccato
874 1410 1022 1468 mundavit

224 1502 255 1558 iu
271 1510 361 1562 utero.
379 1507 460 1563 Hanc
475 1514 569 1564 nutem
587 1505 686 1565 habuit
701 1509 921 1582 prerogativam
935 1510 1021 1565 Beata

224 1600 325 1674 Virgo,
353 1602 428 1675 quod
447 1611 597 1677 postquam
623 1604 674 1663 iuit
694 1606 830 1664 mundata
853 1621 869 1663 a
893 1613 1019 1680 peccato,

225 1699 408 1772 postmodum
425 1702 454 1758 iu
470 1703 658 1775 conceptione
675 1701 811 1761 mundata
827 1711 871 1762 est
889 1710 918 1761 et
939 1718 955 1760 a
977 1702 1020 1760 io·

226 1797 296 1854 mite
310 1799 429 1871 peceati,
448 1799 485 1857 ita
501 1799 577 1872 quod
591 1816 711 1874 peceare
727 1809 826 1875 postea
842 1816 900 1859 non
921 1801 1020 1874 potuit,

225 1893 300 1952 sieut
314 1895 524 1966 quodammodo
544 1913 597 1956 nec
612 1900 700 1957 Filius
717 1900 789 1973 eJ'us.
811 1899 891 1958 Unde
909 1906 1023 1974 propter

227 1990 284 2050 hoe
305 1992 374 2051 dicit
393 1997 520 2067 psalmus
539 2005 769 2070 consequenter:
790 2000 866 2056 Dens
885 1999 917 2055 io
934 1998 1023 2055 medio

225 2091 287 2162 ejas
313 2108 371 2149 oon
393 2094 617 2153 commovebitur.
648 2099 679 2154 ln
701 2097 761 2154 sola
782 2099 869 2155 Beata
891 2097 1021 2170 Virgine,

167 2182 171 2189 '
225 2196 289 2260 post
303 2191 519 2264 conceptionem
531 2192 630 2251 habuit
641 2193 768 2255 Christus
780 2193 934 2267 hospitium
947 2195 1024 2266 quie·

225 2286 272 2355 tis,
289 2288 356 2359 quia
377 2290 485 2346 nullum
501 2290 610 2348 invenit
632 2291 661 2348 in
682 2307 717 2349 ea
737 2299 896 2364 peceatum.
915 2307 969 2350 nec
986 2267 1030 2349 io'

225 2384 324 2441 mitem
347 2386 490 2457 peccati.»
508 2389 586 2445 Dans
606 2388 633 2444 le
656 2387 807 2446 deuxieme
825 2404 940 2446 sermon
953 2406 1024 2463 pour

226 2479 440 2556 l’Assomptioo,
462 2499 535 2543 nous
553 2486 644 2543 lisons
660 2487 876 2559 pareillement:
900 2508 911 2538 ι
932 2486 1024 2555 Quum

227 2593 328 2638 ornnes
338 2582 395 2639 sint
409 2583 437 2638 in
451 2589 570 2655 peccato
581 2584 723 2657 concepti,
740 2592 769 2642 et
780 2584 901 2642 vinculis
916 2584 1025 2658 peccati

227 2678 376 2750 originalis
390 2678 482 2752 ligati,
494 2682 581 2739 Beata
597 2682 688 2756 Virgo
702 2682 801 2751 hiarie,
818 2682 854 2739 nb
868 2682 947 2740 omni
961 2697 1023 2740 ma·

227 2775 292 2832 cula
304 2778 493 2850 corruptionis
505 2779 595 2837 extitit
610 2779 748 2838 liberat...
763 2782 826 2838 Non
840 2788 882 2838 est
897 2780 1026 2837 dubitan-

228 2878 299 2942 tum,
315 2874 382 2932 licet
393 2874 429 2931 de
446 2876 507 2949 ipsa
523 2876 578 2934 hoc
589 2892 647 2934 non
661 2876 800 2936 habeatur
814 2893 993 2951 expressum.
1011 2898 1023 2929 r

958 258 1147 334 ensesue

1794 289 1880 338 XXIV

1109 429 1153 491 On
1171 428 1236 499 lira,
1252 441 1324 487 avec
1337 443 1376 487 ou
1389 443 1458 488 sans
1478 428 1522 487 les
1538 428 1779 504 preoccupations
1803 446 1882 491 con·

1074 527 1277 599 temporaines‚
1293 526 1320 584 le
1339 541 1455 585 sermon
1474 542 1547 601 pour
1561 528 1588 586 ia
1605 527 1662 586 lete
1678 527 1714 586 de
1732 529 1759 586 la
1778 528 1881 589 chaire

1073 623 1109 681 de
1128 625 1156 682 S.
1178 625 1284 695 Pierre,
1300 622 1339 683 eit
1357 640 1390 682 se
1409 631 1510 683 trouve
1531 640 1565 682 ce
1590 639 1715 699 passage
1729 625 1797 698 qu’ii
1819 626 1881 685 hut
1991 614 1992 667 Ῐ

1073 722 1163 780 citer:
1178 744 1189 774 ι
1205 722 1306 781 Ceteri
1318 722 1412 779 vocati
1427 722 1532 779 suntin
1545 730 1655 795 partem
1666 723 1881 795 sollicitudinis,

1075 820 1154 877 seim
1168 827 1263 877 autem
1276 822 1377 878 Petrus
1392 820 1656 893 assumptusestin
1670 821 1881 893 plenitudinem
1991 852 1992 857 κ

1074 919 1233 990 potestatis,
1245 918 1311 990 quia
1323 916 1401 974 solus
1412 923 1505 991 potest
1514 918 1606 991 ligare
1614 925 1745 987 eeteros,
1756 919 1810 976 sed
1820 934 1882 976 non
1991 956 1992 961 κ

1075 1016 1159 1090 ligari
1174 1022 1297 1088 potesta
1312 1016 1434 1073 ceteris.
1448 1015 1518 1084 Quia
1531 1030 1681 1073 successor
1695 1018 1782 1086 Petri,
1795 1016 1880 1075 ride·
1991 1080 1992 1085 γ

1074 1115 1141 1172 licet
1158 1115 1294 1172 Summus
1308 1111 1439 1171 Pontifex
1453 1114 1644 1190 principatum
1658 1113 1803 1171 cathedre
1820 1116 1882 1173 lio·
1991 1102 1992 1139 ³

1075 1226 1169 1270 manse
1183 1211 1321 1269 Ecclesioe
1340 1210 1468 1284 possidet
1484 1218 1513 1269 et
1527 1211 1681 1284 gubernat,
1691 1213 1740 1284 qui
1754 1211 1881 1286 plenitu-

1075 1309 1173 1366 dinem
1199 1308 1317 1366 honoris
1346 1308 1392 1366 sui
1414 1316 1443 1366 et
1473 1309 1682 1381 amplissimam
1709 1309 1883 1383 dignitatern

1075 1408 1186 1464 ceteris
1204 1406 1346 1475 ecclesiis,
1362 1421 1413 1479 per
1427 1406 1593 1464 universum
1617 1405 1755 1464 mundum
1775 1408 1805 1464 in
1820 1410 1882 1465 Do·

1076 1505 1154 1563 mino
1173 1505 1344 1573 constitutis,
1359 1502 1503 1561 distribuit
1523 1511 1552 1560 et
1564 1503 1726 1577 dispensat,
1742 1503 1885 1563 ordinans

1077 1604 1106 1660 iu
1125 1603 1167 1660 eis
1188 1600 1377 1675 patriarchas,
1393 1602 1542 1674 primates,
1557 1602 1727 1675 episcopos,
1751 1601 1882 1673 abbates,

1075 1707 1255 1773 ceterosque
1269 1700 1412 1774 prelatos,
1428 1700 1501 1757 sicut
1515 1697 1580 1756 iecit
1592 1701 1716 1773 Moyses,
1728 1700 1776 1772 qni
1791 1715 1883 1773 quum

1077 1812 1163 1857 mane
1181 1812 1272 1869 nsque
1290 1796 1327 1854 ad
1348 1811 1500 1869 vesperum
1521 1795 1643 1866 sederet,
1663 1803 1692 1853 et
1708 1811 1765 1853 non
1782 1805 1883 1871 posset

1077 1897 1216 1953 sustinere
1232 1893 1422 1967 frequentiam
1445 1895 1558 1968 populi,
1579 1894 1716 1964 tribunes,
1732 1896 1879 1953 centurio·

1078 2009 1140 2063 nes,
1157 1999 1185 2050 et
1199 1993 1463 2067 quinquagenarios
1486 1994 1515 2049 in
1540 1992 1645 2066 populo
1658 1991 1811 2050 ordinavit.
1830 2015 1842 2044 ι

1112 2091 1184 2161 Qu’il
1198 2089 1298 2148 suihse
1308 2090 1345 2148 de
1359 2090 1470 2148 donner
1483 2090 1520 2147 ici
1533 2106 1589 2148 une
1599 2089 1664 2147 idee
1678 2090 1729 2148 des
1743 2091 1882 2149 Sermorm

1079 2188 1115 2246 de
1131 2188 1157 2246 la
1170 2186 1296 2267 seconde
1309 2187 1394 2246 serie.
1410 2189 1489 2246 Nous
1503 2203 1540 2245 ne
1562 2203 1691 2261 pouvons
1708 2187 1738 2245 ni
1749 2188 1792 2245 les
1807 2202 1878 2245 ana·

1077 2286 1162 2359 ip'ser,
1178 2287 1208 2343 ni
1230 2300 1266 2342 en
1284 2284 1353 2343 iaire
1373 2286 1503 2343 ressortir
1522 2285 1564 2342 ies
1579 2282 1713 2354 beantes,
1729 2285 1758 2341 ni
1773 2298 1810 2341 en
1825 2282 1877 2343 dd·

1078 2382 1158 2441 duire
1173 2383 1423 2456 l'enseignement,
1440 2385 1496 2441 soit
1514 2397 1585 2456 pour
1601 2382 1629 2440 la
1644 2380 1829 2439 reformation
1842 2397 1881 2440 ou
1991 2364 1992 2399 ³

1078 2481 1105 2538 la
1120 2479 1259 2538 direction
1272 2481 1323 2538 des
1338 2497 1446 2539 moeurs
1457 2488 1486 2539 et
1497 2480 1569 2538 dela
1581 2477 1666 2553 prere,
1679 2480 1735 2537 soit
1749 2494 1786 2536 au
1798 2479 1882 2552 point
1991 2528 1992 2545 ,

1079 2577 1114 2635 de
1136 2593 1193 2636 vue
1217 2577 1411 2653 theologique.
1433 2581 1512 2637 Nous
1533 2579 1697 2652 ajouterons
1719 2577 1882 2634 seulement
1991 2564 1992 2639 ἶ

1080 2691 1145 2749 que,
1166 2691 1217 2750 par
1238 2676 1266 2733 la
1289 2684 1392 2734 nature
1411 2675 1462 2732 des
1481 2674 1571 2746 sujets
1592 2672 1713 2731 abordds
1727 2681 1756 2731 et
1769 2670 1880 2743 baites,

1079 2773 1122 2831 les
1145 2788 1277 2831 sermons
1301 2774 1334 2831 de
1354 2772 1464 2830 Sanctis
1487 2769 1615 2827 donnent
1636 2785 1693 2827 une
1715 2770 1780 2843 pius
1798 2771 1882 2843 large

1081 2871 1171 2944 ploce,
1185 2886 1222 2929 en
1241 2870 1370 2944 general,
1390 2867 1406 2926 b
1424 2868 1604 2941 l'expcsrtion
1622 2867 1810 2942 dogmatique
1824 2882 1882 2939 que

263 2971 393 3029 D'autres
420 2975 553 3033 citatione
580 2977 706 3035 seraient
733 2977 883 3050 possibles,
909 2992 958 3034 sur
983 2976 1026 3033 les
1080 2970 1122 3028 les
1137 2968 1317 3042 precedente,
1336 2975 1364 3026 et
1377 2965 1578 3041 justiberaient
1591 2980 1647 3023 une
1658 2963 1742 3023 dtude
1753 2962 1880 3038 speciale
1991 2942 1992 2989 ³

228 3066 370 3128 oblatione
383 3070 422 3128 du
434 3071 536 3142 Christ,
550 3074 605 3132 soit
620 3089 656 3132 au
668 3075 734 3148 jour
746 3073 781 3132 de
791 3075 817 3132 la
831 3073 1025 3142 Purihcation,
1081 3076 1196 3142 portant
1213 3083 1263 3125 sur
1280 3081 1314 3124 ce
1335 3066 1415 3140 point
1438 3063 1607 3134 determine,
1619 3064 1647 3121 la
1665 3061 1822 3136 'theologie
1842 3061 1881 3120 de

228 3165 283 3224 soit
300 3182 337 3224 en
351 3167 475 3227 d'autres
488 3177 583 3244 temps
596 3179 626 3229 et
640 3172 749 3230 d’autre
763 3169 906 3243 manidre3
923 3187 972 3228 sur
984 3171 1027 3229 les
1082 3167 1224 3225 honorius
1243 3167 1300 3236 ΙΙΙ,
1321 3179 1359 3222 eu
1383 3163 1524 3222 Honorius
1545 3164 1588 3222 ΙΙΙ
1606 3159 1745 3235 sarmegi
1765 3174 1888 3219 comme
1991 3224 1992 3259 ἶ

227 3263 407 3324 tabernacles
416 3264 454 3325 oh
464 3268 483 3325 il
497 3267 604 3339 reside,
618 3269 645 3328 le
657 3270 711 3327 ciel
723 3269 808 3327 d'une
821 3276 894 3342 part,
909 3270 937 3326 le
948 3283 1027 3328 eoeur
1081 3263 1258 3339 theologico.

228 3360 280 3419 des
291 3361 390 3422 fideles
400 3364 435 3422 de
449 3365 549 3424 l'autre
555 3383 566 3439 3
576 3383 625 3424 sur
634 3368 677 3426 les
688 3374 864 3441 portemeuts
876 3366 914 3423 du
924 3366 1025 3437 Christ,

229 3475 281 3532 par
299 3461 326 3519 la
345 3463 442 3520 Sainte
457 3465 574 3537 vierge,
591 3480 643 3537 par
666 3464 793 3533 Simeon,
815 3479 866 3537 par
884 3464 927 3521 les
954 3462 1024 3522 ede·
1081 3448 1214 3508 AWOW'
1233 3445 1274 3505 ίῗθ
1291 3442 1476 3505 latiatim?-
1492 3438 1883 3516 RdPProchemssdldvssss
1991 3456 1992 3465 ’

228 3557 287 3615 les:
303 3559 392 3616 Tollot
407 3576 518 3617 erarem
531 3566 557 3618 et
569 3567 704 3634 sequntur
717 3578 769 3618 ote.
786 3563 865 3620 Nous
879 3560 1026 3636 preferens

228 3669 370 3729 renvoyer
385 3672 422 3714 au
436 3665 512 3715 texte
525 3658 681 3716 lui-meme.

265 3754 304 3810 he
318 3753 425 3811 second
440 3770 555 3813 sermon
572 3772 643 3830 pour
657 3757 860 3832 l’hssomption
878 3765 922 3816 est
937 3757 1025 3831 parti·

228 3847 415 3908 emierement
437 3851 521 3909 beau
548 3854 572 3911 ΙΙ
596 3860 650 3922 est,
673 3870 795 3928 presque
815 3869 852 3912 en
867 3856 970 3924 entier,
989 3869 1028 3912 un

229 3947 407 4021 magnihque
421 3952 628 4009 commentaire
647 3951 682 4009 de
701 3960 776 4011 cette
797 3954 911 4026 parole:
931 3974 942 4003 r
960 3952 1029 4021 Ques

229 4053 275 4102 est
290 4046 344 4102 ists
357 4061 421 4119 quae
440 4047 621 4121 progreditur
635 4050 715 4122 quasi
732 4051 853 4108 eurora?
870 4072 882 4103 ι
899 4047 1029 4122 capiere

230 4142 269 4200 du
290 4158 394 4217 moyen
408 4146 464 4219 ege
485 4160 588 4204 envers
611 4147 637 4205 le
657 4149 754 4206 Sainte
768 4150 885 4223 vierge,
909 4147 936 4205 la
957 4161 1026 4204 con·

230 4239 324 4299 hence
341 4241 437 4311 hlisle,
456 4241 646 4303 l'admiration
663 4245 835 4318 qu'excitent
851 4260 904 4302 son
920 4258 988 4300 norn
1001 4248 1029 4298 et

232 4352 284 4394 son
303 4341 437 4397 souvenir
452 4340 524 4398 dans
538 4342 580 4399 les
597 4344 676 4400 ames
693 4342 885 4409 chretlenues
902 4354 934 4397 se
945 4333 1027 4394 reve·

230 4435 316 4495 lenta
329 4437 441 4511 chaque
451 4439 540 4512 ligne,
550 4437 567 4497 a
578 4442 665 4513 pentir
677 4438 861 4499 decedebat:
871 4460 882 4487 ι
892 4435 1030 4494 Mirantur

230 4549 355 4608 namque
370 4551 502 4609 superare
518 4539 637 4596 virtutes
657 4536 733 4611 quod
744 4536 827 4594 beata
848 4534 937 4591 Mario
949 4539 1028 4590 tauta

230 4632 359 4689 claritate
378 4636 508 4704 reniteat,
523 4642 603 4693 tanta
620 4635 749 4692 claritate
768 4646 870 4688 omnes
882 4637 1030 4688 creaturas

231 4729 361 4799 excellat,
381 4731 456 4803 quod
475 4747 529 4790 nec
541 4734 570 4789 in
588 4732 670 4790 terris
684 4743 780 4802 parem
799 4726 914 4798 hebeat,
931 4728 1029 4784 necin

231 4826 321 4884 coelis.
343 4827 424 4887 Unde
444 4830 474 4886 in
498 4845 599 4887 vocem
618 4825 815 4885 admirationis
835 4826 1030 4884 exclamantes

231 4923 362 4982 dixerunt
378 4942 385 4983 :
403 4942 466 4999 quse
479 4936 522 4984 est
541 4926 615 4984 ista?
632 4947 643 4976 »
663 4926 702 4982 La
718 4921 896 4982 Tres-Salute
910 4924 1027 4997 vierge,

231 5020 272 5079 dit
282 5024 434 5091 Honorius,
450 5046 461 5075 ι
472 5023 590 5097 pulchra
602 5021 653 5079 luit
663 5028 695 5078 ut
707 5021 773 5077 luna
785 5036 835 5094 per
847 5021 1029 5079 sanctitatem

232 5128 298 5178 aute
313 5120 467 5180 adventum
487 5121 548 5178 Filii
568 5120 630 5188 Dei,
653 5118 796 5191 pulchrior
812 5126 877 5193 post
891 5123 1027 5179 lucarna-

231 5218 351 5288 tionem,
377 5217 567 5291 pulcherrima
591 5224 657 5290 post
676 5217 955 5290 Assumptionem....
977 5217 1029 5285 Qui

233 5318 326 5389 surgit
357 5315 393 5372 ad
421 5314 575 5371 diluculum
602 5315 795 5387 poenitentiis,
819 5315 954 5388 respiciat
977 5329 1028 5372 au·

234 5428 350 5483 rorem,
383 5410 551 5485 deprecetur
582 5413 713 5472 Mariam.
751 5413 805 5482 Qui
834 5412 941 5470 incedit
980 5427 1030 5486 per

233 5508 311 5567 diem
343 5511 444 5584 grathe
477 5510 610 5583 respiciat
639 5511 745 5580 solem,
772 5510 939 5583 deprecetur
967 5511 1028 5569 bia·

234 5622 344 5665 uam.»

1271 3544 1307 3603 S.
1329 3544 1499 3619 Francoie
1512 3542 1670 3602 d'Asstse.

1118 3700 1162 3757 il.
1177 3700 1199 3757 ΙΙ
1217 3700 1340 3772 importe
1355 3697 1520 3769 davantage
1533 3697 1569 3753 de
1584 3692 1655 3752 inire
1673 3695 1806 3751 ressontir
1824 3707 1882 3751 une

1082 3796 1207 3853 certaine
1227 3794 1442 3852 ressemblanee
1463 3807 1535 3849 avec
1552 3792 1581 3849 S.
1602 3790 1737 3861 Franqois
1756 3788 1890 3849 d'hssise·

1082 3893 1154 3952 dans
1164 3900 1211 3951 cet
1225 3905 1327 3949 amour
1341 3891 1418 3964 plein
1431 3890 1468 3947 de
1482 3883 1609 3957 naivete,
1623 3885 1658 3945 de
1666 3887 1829 3961 simplicite,
1844 3886 1881 3944 de

1083 3990 1225 4049 iraicheur
1245 4003 1335 4046 snare
1348 3969 1412 4061 ¹que
1433 3986 1551 4045 celui-ei
1572 3983 1742 4059 temoigne'rt
1766 3999 1837 4057 pour
1853 3985 1881 4041 la

1083 4097 1192 4146 nature.
1209 4090 1285 4145 'lons
1309 4086 1352 4143 les
1373 4084 1466 4157 obiets
1480 4082 1713 4156 creesportaient
1732 4097 1799 4141 vers
1808 4082 1881 4139 Dieu

1083 4186 1167 4244 l’ame
1182 4185 1220 4243 du
1230 4183 1403 4257 seraphique
1414 4183 1442 4241 S.
1456 4182 1601 4253 Franqois.
1613 4182 1636 4240 ll
1647 4181 1723 4237 n’eut
1738 4194 1790 4252 pas
1801 4178 1880 4252 parte

1083 4282 1119 4341 de
1131 4282 1157 4340 la
1171 4297 1236 4340 rosc
1251 4288 1412 4339 autremeut
1426 4295 1481 4354 que
1494 4279 1522 4337 le
1537 4277 1587 4337 init
1608 4278 1750 4337 Honorius
1769 4276 1841 4333 dans
1852 4277 1880 4334 le

1082 4382 1197 4438 Serenae
1210 4396 1276 4437 xix:
1295 4401 1307 4430 ‹
1325 4381 1428 4436 Forma
1443 4391 1516 4435 rosae
1531 4384 1574 4433 est
1588 4375 1707 4434 inferius
1719 4380 1841 4447 augusta
1852 4380 1880 4430 et

1083 4478 1214 4551 superius
1228 4477 1332 4550 ampla,
1349 4483 1377 4535 et
1392 4475 1536 4549 significat
1548 4472 1624 4546 quod
1634 4473 1760 4532 Christus
1772 4484 1881 4542 pauper

1083 4574 1136 4633 init
1150 4577 1179 4633 in
1194 4575 1311 4645 mundo,
1332 4573 1382 4632 sed
1406 4580 1450 4632 est
1465 4573 1604 4631 Dominus
1627 4568 1836 4643 superomnia,
1852 4574 1882 4625 et

1084 4675 1183 4746 implet
1200 4674 1344 4729 universa.
1360 4672 1435 4729 Nem
1458 4670 1532 4728 sicut
1546 4668 1636 4727 forma
1652 4681 1724 4725 rosae
1745 4672 1789 4723 est
1811 4662 1882 4722 inie-

1083 4769 1142 4826 rius
1157 4776 1279 4843 angusta
1292 4776 1322 4825 et
1335 4767 1466 4840 superius
1481 4767 1586 4840 ampla,
1599 4766 1638 4822 ita
1653 4763 1770 4838 quilibet
1783 4761 1879 4822 Chris·

1083 4869 1178 4925 tianus
1192 4867 1276 4925 debet
1292 4874 1404 4925 terrena
1426 4864 1602 4938 vilipendere
1621 4869 1650 4921 et
1669 4875 1793 4935 superna
1808 4857 1882 4916 desi·

1084 4965 1194 5023 derare.
1214 4986 1226 5015 ι

1083 5148 1171 5210 XIX.
1186 5177 1228 5192 -
1241 5148 1419 5207 Honorius
1438 5145 1499 5204 ΙΙΙ
1510 5155 1554 5202 ree
1570 5139 1714 5216 peecare
1731 5136 1806 5200 dire
1819 5134 1880 5199 de—

1119 5245 1218 5320 petel
1232 5245 1266 5305 et
1280 5240 1516 5313 resscnebtont,
1539 5238 1646 5300 ovant
1666 5241 1701 5299 lo
1717 5232 1881 5313 presente

1125 5341 1263 5405 editiore.

1120 5501 1164 5560 ii.
1172 5503 1250 5558 bans
1260 5498 1514 5567 [Ordoltorrrcuoe
1522 5495 1665 5554 Honorius
1675 5499 1719 5551 est
1729 5492 1889 5565 liturgiste,

1084 5615 1121 5657 ou
1137 5599 1233 5656 mieux
1252 5596 1401 5667 ritualiste,
1417 5591 1594 5653 e'esr-t-uire
1610 5590 1768 5649 iormaliste
1779 5596 1807 5648 et
1827 5591 1881 5649 mi·
