3936 6192
230 324 290 386 413
844 310 1021 376 uononn
1043 309 1089 373 111
1110 308 1258 373 ornan.
1820 322 1870 383 444

232 482 318 544 toret
341 482 566 543 Romanorum
588 473 785 537 Pontificum
806 473 974 551 splendor,
997 472 1031 533 et
1084 469 1204 532 eostre
1226 471 1393 532 latissime
1421 472 1559 533 decreto
1583 474 1695 535 ctwm
1720 475 1872 542 itonam

232 580 391 640 Romanae
400 572 556 636 Ecclesiae
568 568 909 647 magnificentia‚puae
918 570 1029 629 tamen
1083 568 1552 644 Ecctestoettberatttcrdtpca
1563 571 1871 649 contaminantem

230 673 266 736 in
281 688 462 752 pauperum
476 672 586 733 sinum
601 668 736 730 uberem
751 668 879 744 partem
894 680 1029 726 suarum
1084 665 1117 726 ct
1128 667 1248 726 000100
1258 666 1322 737 cst,
1335 668 1506 728 donemus
1519 668 1571 728 tto
1582 668 1621 728 ut
1638 671 1677 730 ta
1689 672 1783 732 bonis
1793 675 1871 735 beati

231 789 331 851 opum
355 768 526 833 edundere
554 765 738 836 consuerit,
769 764 817 826 uti
838 763 970 842 jamdiu
994 763 1029 824 in
1083 763 1186 824 Petri
1200 766 1285 836 ipsa
1298 767 1400 837 Alpes
1417 779 1441 824 a
1454 767 1616 827 Taurinis
1631 768 1803 830 aientibus
1821 787 1871 832 as·
1944 836 1949 851 ¹

231 872 387 932 'tractatu
410 867 523 930 italice
544 865 632 927 edito
648 867 690 925 dc
714 861 868 925 Caritate
888 860 1028 922 ostendi.
1084 862 1202 933 quaed
1215 862 1430 937 Ltpusticum
1439 865 1775 925 mareccnseontur.
1793 867 1870 929 Fieri
1943 854 1951 905 ¹

232 971 347 1045 Neque
371 967 407 1027 in
431 969 581 1028 Romano
606 962 734 1024 antem
760 975 853 1036 agro,
868 961 967 1036 atque
994 957 1029 1018 in
1084 956 1216 1033 quidem
1235 958 1343 1034 potest
1362 959 1398 1020 ut
1412 974 1529 1035 parum
1541 960 1663 1033 critici,
1678 962 1870 1041 nimiumque

232 1064 382 1127 finitimis
397 1060 587 1124 abundabat
600 1057 728 1135 ingenti
742 1055 919 1117 fundorum
934 1054 1030 1132 copia
1084 1053 1211 1115 creduli
1233 1056 1462 1118 aurichalcum
1483 1057 1566 1118 illud
1594 1073 1656 1134 pro
1678 1075 1763 1121 auro
1787 1064 1869 1123 accl-

232 1163 348 1224 eadem
369 1159 521 1230 ecclesia,
536 1156 593 1220 sed
608 1156 709 1218 etiam
727 1168 786 1231 per
799 1153 912 1216 sarias
925 1152 1030 1214 ltaliae
1084 1151 1177 1228 piant
1189 1150 1291 1231 (quod
1303 1154 1336 1214 et
1343 1154 1518 1230 Turrigius
1528 1153 1608 1217 lecit
1622 1156 1658 1217 in
1670 1156 1870 1221 libroorottc

232 1263 354 1339 partes,
366 1257 508 1335 atquein
517 1256 597 1318 Asia
607 1255 690 1331 ipsa.
705 1250 901 1314 Caelestinus
912 1252 926 1312 1
939 1253 1030 1327 Papa
1090 1250 1262 1322 Vaticana,
1269 1252 1355 1329 part.
1369 1266 1407 1321 11,
1420 1268 1492 1329 cap.
1509 1250 1574 1332 6.);
1588 1270 1706 1315 verum
1720 1271 1815 1317 nemo
1827 1258 1872 1317 in-

231 1358 274 1419 ad
296 1355 518 1418 Theodosium
538 1354 707 1432 juniorem
732 1349 917 1425 Augustum
945 1347 1031 1409 scri·
1083 1347 1135 1408 ter
1149 1347 1296 1409 eruditos
1310 1349 1371 1421 est,
1388 1350 1445 1426 qui
1466 1350 1652 1424 ridendam,
1671 1352 1872 1430 putidamque
1944 1356 1950 1413 .'

231 1456 324 1529 bens,
341 1470 428 1516 anno
443 1451 567 1514 Christi
579 1452 648 1522 432,
662 1445 942 1510 commemorabat
953 1462 1032 1523 pos-
1084 1460 1151 1505 non
1180 1448 1340 1521 agnoscat
1364 1447 1458 1508 illius
1488 1448 1637 1527 epistolae
1653 1450 1871 1527 imposturam.
1942 1424 1951 1527 Ι

231 1554 398 1616 sessiones
417 1552 453 1612 in
466 1549 546 1611 Asia
568 1547 776 1618 constitutas,
791 1560 874 1623 quas
889 1543 1030 1605 illustris
1085 1542 1243 1604 Eumdem
1282 1544 1473 1618 auctorem,
1510 1545 1669 1607 similium
1708 1547 1873 1612 caminum
1950 1620 1951 1633 ¹

231 1654 265 1714 et
279 1651 403 1712 sanctes
423 1646 664 1710 recordationis
678 1643 907 1718 Probalonga
920 1657 940 1702 a
955 1655 1030 1702 ma·
1083 1655 1177 1702 reum
1192 1641 1395 1718 deprehendi
1408 1642 1686 1705 incommentcr.
1699 1648 1871 1709 accarone
1946 1646 1951 1655 '

227 1748 358 1827 joribus
369 1746 543 1817 remeate,
554 1741 733 1820 reliquerat
747 1744 905 1803 Romanae
915 1739 1031 1801 Ecole-
1083 1743 1229 1811 Ferrea,
1242 1740 1321 1800 tom.
1336 1742 1376 1800 11.
1384 1740 1581 1803 anecdotor.
1590 1742 1740 1803 Latinos.
1748 1744 1872 1806 Hadria

232 1846 309 1921 siae3
326 1845 356 1905 is
370 1859 449 1906 vero
465 1840 657 1919 imperatori
673 1837 891 1910 commendat,
908 1839 944 1899 ut
957 1851 1031 1898 om·
1083 1852 1146 1897 nus
1168 1853 1298 1915 quoque
1322 1838 1454 1899 Prtmus
1475 1839 1512 1900 in
1535 1839 1666 1917 epistol.
1691 1842 1733 1902 49
1755 1842 1871 1904 Codicis

232 1942 285 2003 nis
299 1941 341 2002 ab
354 1941 407 2002 his
417 1938 648 2001 insidiantium
660 1934 854 2013 inquietudo
869 1931 1027 1994 discedat.
1083 1934 1251 2007 carolini,
1285 1935 1486 2013 patrimonia
1528 1937 1687 2000 Ecclesiae
1726 1941 1871 2002 Romana

232 2039 405 2102 Pertinent
425 2036 490 2098 ista
514 2035 556 2097 ad
580 2034 687 2113 prima
709 2031 866 2094 Ecclesiae
893 2030 1027 2092 saecula.
1083 2035 1341 2107 commemorat,
1376 2033 1484 2111 posita
1505 2034 1540 2095 in
1566 2035 1718 2113 partibus
1742 2038 1870 2111 Tuscia,
1949 2072 1950 2087 .

232 2137 315 2210 Quid
331 2137 366 2198 in
375 2131 651 2212 subsequentibus
664 2129 840 2208 contigerit
850 2126 928 2209 (hoc
940 2128 1028 2189 enim
1085 2130 1229 2207 spoleto,
1253 2146 1316 2192 seu
1335 2133 1651 2209 beneventumque
1671 2135 1806 2196 Corsica
1829 2136 1870 2195 si-

231 2235 440 2312 potissimum
463 2229 693 2307 investigando
715 2225 855 2307 sumpsi)
875 2226 1027 2303 accipite.
1084 2226 1151 2289 mul
1175 2230 1209 2290 et
1233 2228 1427 2302 savinensi,
1452 2235 1515 2291 etc.
1547 2229 1682 2292 Modum
1705 2247 1798 2305 vero,
1818 2249 1871 2310 quo

271 2334 383 2395 Primo
404 2332 477 2393 loco
499 2329 534 2391 in
555 2326 764 2407 patrimoniis
785 2326 850 2388 sita
867 2324 945 2387 olim
966 2321 1030 2385 luit
1083 2325 1248 2402 eJusmodi
1260 2325 1472 2403 patrimonia,
1488 2327 1524 2389 in
1537 2328 1606 2390 tam
1621 2328 1872 2406 dirersisregio
1944 2324 1949 2335 '

232 2435 391 2494 Romanae
411 2427 569 2490 Ecclesiae
589 2423 773 2503 opulentia,
794 2423 857 2485 hoc
876 2422 927 2484 est
944 2436 1030 2483 mas·
1082 2422 1181 2485 nibus
1203 2424 1268 2486 sita
1286 2426 1495 2500 regerentur,
1519 2426 1780 2503 supralaudatus
1797 2431 1870 2489 Gre-

231 2528 290 2602 sls,
305 2528 448 2605 aliisque
462 2525 584 2597 lundis,
602 2538 684 2601 quos
697 2520 933 2598 Augustorum,
949 2519 1030 2581 alio-
1083 2521 1198 2596 gorius
1211 2523 1352 2598 Magnus
1366 2522 1519 2598 plurimis
1531 2523 1683 2601 epistolis
1697 2525 1771 2586 suis
1783 2526 1872 2602 expli

231 2641 372 2703 rumque
386 2624 534 2684 fidelium
553 2621 659 2698 pietas
680 2619 715 2680 in
727 2618 831 2680 variis
846 2617 1028 2695 provinciis
1083 2619 1147 2691 cat,
1164 2618 1198 2679 in
1211 2618 1332 2696 quibus
1347 2619 1554 2682 admirabilis
1566 2620 1704 2698 effulget
1716 2623 1872 2700 aequitatis

233 2726 355 2786 Sancto
378 2722 476 2782 Petro
500 2719 697 2782 contulerat.
720 2719 842 2778 Eorum
867 2715 1029 2777 adminis-
1082 2731 1177 2778 amer
1206 2716 1305 2794 atque
1328 2717 1515 2795 prudentia.
1538 2719 1729 2781 Chronicon
1753 2736 1871 2798 quoque

230 2821 331 2883 tratio
347 2820 416 2880 lere
432 2833 562 2896 semper
583 2813 875 2878 commendabatur
896 2813 1028 2875 clericis
1083 2813 1252 2885 Earlense,
1267 2815 1352 2892 part.
1368 2830 1406 2884 11,
1421 2816 1502 2877 tomi
1516 2817 1546 2877 11
1561 2819 1642 2879 lter.
1659 2817 1786 2891 Itottc„
1798 2833 1817 2878 a
1827 2833 1872 2878 me

230 2919 264 2980 et
275 2915 487 2979 subdiaconis
499 2914 656 2991 spectata
668 2912 757 2984 fidei,
767 2911 824 2989 qui
837 2911 1028 2973 defensores
1082 2910 1217 2984 editum,
1231 2912 1336 2974 multa
1348 2911 1448 2975 habet
1461 2913 1502 2975 de
1515 2913 1870 2977 actionariisEcclesia
1947 2936 1952 2995 p

230 3008 1026 3091 etrectoresappellabantur.tctionariiquoque,
1083 3010 1870 3076 RomanaeErantautemetinGermaniareditus

230 3114 301 3177 sire
321 3113 450 3175 actores
471 3111 513 3174 ad
535 3111 623 3172 idem
643 3124 763 3171 munus
787 3107 905 3170 delecti
922 3106 1026 3169 luere.
1082 3106 1871 3189 eidemEcclesiaesaeculoChristinono‚quiunde

230 3213 320 3275 Idem
335 3209 487 3273 fortassis
506 3208 651 3272 officium
674 3206 735 3268 sub
758 3205 899 3269 dirersis
914 3206 1027 3268 nomi·
1083 3204 1329 3283 colligerentur,
1337 3206 1501 3269 incertum
1515 3208 1576 3269 est.
1588 3208 1749 3271 Nicolaus
1764 3208 1871 3272 enimi

228 3310 327 3372 nibus
342 3310 414 3371 luit.
431 3308 567 3372 Constat
581 3307 692 3369 autem
712 3320 756 3368 ex
776 3304 926 3383 epistolis
941 3307 1027 3366 (tre-
1082 3305 1173 3381 Papa
1205 3303 1247 3364 ad
1273 3303 1497 3378 Ludoricum,
1527 3306 1714 3368 Germaniae
1747 3322 1870 3384 regem,

228 3409 315 3485 gorii
330 3407 454 3484 Magni,
470 3405 573 3467 luisse
583 3405 678 3466 varia
693 3402 951 3481 locupletissima
973 3416 1028 3479 pa·
1082 3400 1242 3472 scribens,
1256 3401 1386 3478 epistol.
1397 3403 1448 3474 55,
1465 3402 1529 3464 sibi
1544 3404 1761 3466 constitutum
1780 3405 1826 3466 ait
1837 3404 1871 3465 de

228 3506 517 3568 trimoniasanctae
530 3507 688 3566 Romanae
697 3500 854 3563 Ecclesiae
862 3499 898 3560 in
912 3498 1033 3561 sicilia·
1081 3497 1190 3574 legato
1212 3498 1370 3561 mittendo
1382 3519 1390 3560 ε
1402 3516 1421 3560 e
1432 3502 1497 3562 Pro
1514 3501 1613 3562 unius
1624 3501 1706 3563 anni
1720 3502 1871 3565 reditibus

229 3605 349 3676 (tallia,
365 3603 484 3680 Appia,
501 3600 666 3671 Calabria,
683 3598 863 3674 Campania
878 3596 1025 3669 Corsica,
1081 3609 1194 3657 rerum
1205 3596 1318 3658 Sancti
1326 3596 1418 3659 Petri
1430 3597 1467 3658 in
1476 3613 1580 3675 regno
1593 3601 1709 3662 restro
1721 3600 1868 3662 sitarum:

230 3700 396 3773 Sardinia,
412 3697 589 3769 Dalmatia,
601 3696 756 3764 Theseia,
767 3693 892 3767 Africa,
904 3693 937 3755 et
950 3693 1027 3755 aliis
1081 3710 1182 3770 quum
1195 3694 1336 3757 duorum
1346 3711 1509 3756 annorum
1519 3698 1590 3773 jam
1601 3697 1756 3774 tempora
1767 3699 1870 3776 prate·

228 3789 1026 3859 inlocis.Meminitetiamhnastasiusinritato·-
1080 3791 1214 3865 rierint,
1240 3807 1284 3853 ex
1303 3808 1368 3870 quo
1389 3792 1515 3854 reditus
1537 3809 1581 3855 ex
1603 3794 1672 3855 illis
1696 3793 1870 3857 debuerunt
1959 3786 1960 3795 ’

229 3895 326 3958 aunis
338 3896 367 3957 V
379 3897 490 3971 Papae,
502 3891 739 3968 patrimonium
755 3888 878 3951 Siciliae
891 3889 924 3951 st
936 3889 1028 3951 Cala·
1081 3903 1155 3950 esse
1167 3888 1313 3965 collecti;
1328 3889 1481 3952 etnosex
1492 3891 1543 3952 eis
1553 3891 1638 3953 nihil
1650 3894 1870 3970 recepimus.»

228 3993 321 4055 briae.
337 3995 431 4065 Tum,
448 3990 483 4051 in
498 3990 566 4051 vita
582 3988 762 4060 Zachariae,
780 3986 917 4050 testatur
939 3986 1027 4048 idem
1081 3985 1237 4048 Pontifex
1253 3986 1351 4060 idem,
1368 3987 1404 4048 in
1420 3988 1562 4065 epistola
1578 3990 1607 4051 11
1620 3989 1662 4051 ad
1681 3990 1870 4053 Michaelem

228 4090 387 4166 scriptor,
410 4086 563 4149 restituta
585 4084 689 4146 lulsse
706 4082 860 4146 Pontifici
878 4098 901 4145 a
923 4087 1028 4146 Tros·
1082 4086 1271 4146 Graecorum
1294 4084 1527 4161 imperatorem
1552 4086 1620 4148 alia
1638 4090 1793 4150 recenset
1808 4090 1869 4150 Ro-

227 4189 367 4259 manae,
378 4190 462 4248 duce
474 4185 648 4260 Spoletina
660 4185 848 4246 dorileense
859 4182 1027 4257 patrimo
1081 4196 1188 4242 manae
1201 4181 1358 4243 Ecclesia
1372 4183 1573 4259 patrimonia
1587 4200 1608 4245 a
1627 4186 1756 4247 Graecis
1777 4199 1869 4246 usur·

227 4287 336 4357 retum,
348 4287 436 4359 qued
442 4297 509 4359 per
518 4297 629 4344 conos
636 4295 745 4357 prope
754 4280 900 4357 triptota
909 4281 1027 4355 suerat
1081 4278 1169 4355 pata.
1186 4280 1398 4352 «Praeterea,
1412 4282 1535 4354 inquit,
1556 4279 1805 4345 calabritanum
1817 4297 1872 4359 pa·

226 4383 390 4455 ablatum,
408 4382 511 4456 etque
524 4382 735 4455 Narniensc,
751 4378 1025 4440 ettametrlucct-
1081 4374 1273 4438 trimonium
1295 4376 1328 4438 et
1343 4376 1504 4447 Siculum,
1517 4393 1657 4456 quaque
1675 4380 1799 4442 nostra
1812 4381 1871 4440 Ee-
1959 4378 1960 4381 ’

226 4479 903 4554 meeum,eteoeneenmenum‚eteorum
913 4476 1028 4538 01Νο-
1080 4474 1193 4537 clesiae
1214 4490 1373 4537 concessa
1396 4474 1542 4548 luenrnt,
1563 4477 1596 4538 et
1618 4491 1658 4538 ea
1679 4475 1871 4555 possidenda

225 4580 440 4651 neeleatcresc,
456 4578 519 4639 etc.
538 4575 684 4638 Proinde
708 4590 808 4652 quum
832 4573 916 4650 legis
937 4573 1025 4652 apud
1080 4572 1232 4646 obtinuit,
1250 4574 1284 4635 et
1297 4572 1502 4649 disponendo
1525 4589 1585 4651 per
1597 4590 1678 4636 suos
1695 4574 1871 4637 familiares

226 4678 377 4740 eumdem
388 4675 601 4737 anastasium
616 4674 651 4734 in
670 4673 748 4736 Vita
761 4671 981 4743 loannisvlb
993 4673 1026 4734 et
1079 4686 1196 4747 regere
1216 4670 1351 4743 studuit,
1367 4671 1488 4733 restris
1510 4673 1784 4735 concessionibus
1802 4671 1872 4735 red·

226 4774 314 4852 apud
326 4773 467 4834 Paulum
482 4771 665 4833 Diaconum
678 4769 714 4830 in
730 4768 878 4831 Historia
892 4771 1026 4845 Lango-
1079 4768 1215 4844 dantum
1230 4767 1387 4846 quoniam
1398 4768 1630 4832 irrationabile
1642 4772 1705 4843 est,
1723 4773 1760 4834 ut
1770 4769 1872 4833 Eccle-

226 4871 373 4943 bardica,
390 4866 694 4939 donationem,sive
704 4866 945 4929 restitutionem
959 4870 1025 4929 Pa·
1079 4867 1215 4929 siastica
1236 4864 1519 4943 possessiomes
1543 4867 1725 4931 luminaria
1743 4871 1777 4933 et
1794 4884 1870 4930 con-

159 5000 163 5005 <
226 4967 375 5030 trimonii
387 4966 520 5042 Alpium
535 4965 717 5026 cottiarum
729 4963 771 5025 ab
780 4964 1025 5042 dripertoLan·
1078 4964 1287 5027 cinnationes
1305 4963 1464 5027 Ecclesiae
1487 4965 1547 5026 Dei
1569 4965 1643 5026 lieri
1658 4965 1791 5037 debent,
1806 4966 1871 5027 ter·

226 5064 448 5143 gobardorum
481 5077 560 5137 rege
583 5060 716 5134 iactam,
730 5062 764 5124 et
781 5076 801 5122 a
818 5062 1023 5138 Luitprando
1078 5078 1160 5124 rena
1178 5061 1295 5140 quavis
1313 5061 1477 5139 potestate
1502 5061 1752 5126 subtrahantur.
1775 5064 1871 5125 »Leo

226 5163 454 5226 confirmatam
468 5159 625 5221 Ecclesiae
641 5161 821 5223 Romanae:
839 5160 893 5222 bis
911 5159 1023 5222 verbis
1078 5160 1178 5223 etiam
1206 5162 1262 5232 IX,
1277 5160 1312 5220 in
1344 5159 1475 5237 epistol.
1500 5164 1521 5222 7
1550 5160 1592 5221 ad
1623 5162 1870 5225 Constantinum

226 5261 274 5323 nil
287 5260 378 5321 aliud
391 5257 574 5333 significari
587 5257 677 5334 puta,
691 5272 790 5334 quam
803 5258 922 5332 cortes,
936 5273 1025 5334 prae-
1078 5256 1332 5320 Monomaohum
1360 5257 1606 5334 imperatorem,
1617 5259 1735 5321 eadem
1767 5258 1870 5337 patri·

226 5361 296 5432 dia,
324 5359 358 5418 et
378 5355 511 5417 lundos.
538 5355 624 5416 Nam
651 5355 738 5433 quod
761 5355 1024 5417 Bartholomaeus
1078 5356 1189 5417 monia
1199 5354 1330 5433 repetit.
1340 5354 1403 5416 Sed
1416 5354 1515 5431 longe
1524 5355 1576 5416 his
1587 5358 1717 5433 majora
1726 5356 1869 5425 donaria,

226 5455 388 5518 zucchlus
408 5452 443 5513 in
457 5453 591 5514 Hister.
608 5454 834 5515 Modoeticrtrt
847 5451 1023 5530 epistolam
1078 5452 1235 5514 Ecclesia
1267 5453 1426 5514 Romanae
1459 5466 1479 5512 a
1508 5453 1725 5516 Constantino
1758 5457 1871 5530 Magno

225 5552 351 5629 prolert
380 5550 421 5612 ab
453 5549 607 5628 ariperto
631 5549 788 5627 scriptam
806 5549 928 5612 Joanui
950 5553 1020 5625 Vll,
1077 5550 1187 5612 oblata
1208 5549 1392 5628 patuloore
1406 5548 1625 5613 contendebat
1638 5551 1870 5630 Luitpraudns,

226 5653 374 5712 Romano
406 5647 570 5721 Pontifici,
602 5647 637 5708 in
669 5662 733 5725 qua
764 5647 844 5711 ait:
880 5652 940 5714 Ec
959 5658 1022 5718 boe
1077 5648 1308 5711 Cremonensis
1323 5647 1509 5725 episcopus,
1526 5646 1561 5710 in
1576 5663 1637 5710 sua
1651 5648 1818 5726 legatione
1832 5646 1870 5710 ad
