3952 6188
86 272 168 334 813
621 262 823 326 DOMiNICA
845 262 1063 326 PASSIONIS
1084 264 1247 327 DOMINI.
1701 268 1761 329 814

102 431 197 493 acie
213 431 298 508 ejus,
314 426 413 497 idest,
435 440 456 487 a
477 424 655 502 praesentia
669 423 731 485 Dei
754 425 790 485 in
813 423 912 486 corde
965 426 1212 497 annectimur,
1226 418 1764 501 ctaeupatttcchaatlicum.con-

87 528 307 605 peceatoris,
325 529 358 588 et
377 525 440 585 hoc
460 523 547 591 ideo,
563 521 642 598 quia
662 521 734 598 ipse
754 521 806 583 est
824 521 912 597 ignis
965 522 1075 583 versio
1088 524 1186 582 unitis
1201 521 1383 599 peccatoris
1397 522 1490 582 debet
1505 522 1652 591 incutere
1662 522 1762 582 timo-

88 626 132 687 et
158 626 268 687 abeo
289 622 513 685 succeduntur
536 618 707 691 carbones,
728 619 824 691 idest,
848 618 912 679 ho·
965 634 1034 679 rem
1056 620 1143 690 aliis,
1162 621 1196 680 et
1215 619 1372 695 gaudium
1396 635 1513 696 parere
1531 619 1643 695 justis.
1668 619 1762 681 Unde

89 724 219 784 mines
231 720 346 798 frigidi
359 721 395 780 in
409 718 474 780 lide
487 717 736 778 inflammantur
757 717 798 777 ad
819 731 913 778 amo-
964 716 1762 793 Apostolusdeconversionesua:Eramipaotus

88 836 194 881 rem.
964 815 1763 887 fucwllcctcsiishcdcea‚auceeruatiaClartsto;

137 921 181 979 Ii
209 917 328 978 uatem
358 916 416 988 cat
446 912 646 987 portabant,
673 910 855 973 steterumt.
884 908 912 968 Ii
965 912 1101 972 tautam
1115 912 1762 984 aademauditamhahchaat,quonia-ut

88 1015 161 1092 qui
177 1013 355 1091 portabant
369 1010 537 1081 lectulum,
554 1006 913 1085 significantmalade-
965 1011 1024 1080 pai
1047 1009 1321 1081 persequebatur
1350 1022 1413 1068 aas
1442 1011 1642 1080 aliquando,
1671 1022 1763 1069 auae

90 1112 246 1183 sideria,
261 1126 346 1188 qnae,
357 1108 443 1170 sicut
459 1106 540 1168 dicit
552 1106 739 1184 Apostolus,
758 1106 913 1180 mergunt
965 1106 1179 1179 evaaapetizat
1196 1106 1299 1177 amau
1318 1120 1423 1178 paam
1441 1106 1660 1180 ccpapaahat
1677 1104 1712 1167 ct
1725 1109 1764 1165 ia

90 1210 280 1271 hominem
299 1208 335 1267 iu
349 1205 520 1268 interitum
541 1207 574 1266 et
592 1202 821 1280 perditionem.
848 1200 912 1262 sod
964 1216 1019 1263 me
1034 1203 1268 1274 clarificabant
1282 1206 1404 1263 Decea
1427 1200 1562 1281 (eolat,
1583 1217 1606 1273 1,
1620 1203 1670 1274 22,
1693 1199 1761 1280 24).

91 1307 252 1368 Domino
262 1308 343 1369 Jesu
356 1303 533 1365 accedente
543 1301 577 1363 et
585 1301 731 1363 loculum
740 1300 910 1376 tangente,
1006 1302 1092 1365 crito
1109 1301 1285 1375 Propheta
1302 1316 1451 1377 mopiam
1466 1300 1627 1361 attremit
1644 1302 1682 1359 ia
1700 1313 1764 1359 ao-

91 1405 213 1476 stant,
239 1403 341 1474 idest,
367 1401 509 1471 cessant,
532 1399 610 1476 quia
635 1397 790 1475 quoniam
815 1396 914 1458 Chri·
966 1399 1015 1456 bis
1033 1398 1067 1457 ct
1087 1401 1170 1470 prtia
1192 1401 1284 1459 Deus
1307 1398 1463 1458 uisitauit
1488 1399 1619 1471 placem
1648 1411 1760 1457 satam.

91 1503 178 1563 stus
203 1499 371 1562 illuminat
392 1500 425 1560 et
445 1496 630 1559 inflammat
650 1511 709 1557 cor
728 1493 912 1572 peccatoris
966 1496 1053 1557 Nota
1076 1496 1140 1556 duo
1173 1510 1247 1555 esse
1276 1495 1466 1555 necessaria
1496 1494 1537 1554 ad
1571 1493 1764 1554 suscitatio·

89 1598 140 1659 ad
161 1596 407 1674 poenitentiam,
431 1595 564 1656 cessant
583 1594 671 1654 mala
690 1592 856 1654 desideria
880 1592 914 1652 et
965 1608 1042 1654 nem
1064 1592 1198 1663 mortui,
1236 1591 1332 1663 idest,
1363 1590 1571 1667 peccatoris:
1605 1590 1762 1652 videlicet

91 1710 213 1772 prava
238 1692 517 1769 concupiscentia.
544 1690 638 1752 Unde
660 1690 764 1751 David
791 1690 848 1766 qni
871 1689 912 1750 de
964 1690 1057 1750 verhi
1071 1689 1341 1767 praedicationem
1351 1689 1510 1759 exterius,
1527 1690 1561 1749 et
1572 1688 1690 1763 gratiae
1702 1687 1759 1748 vi-

93 1795 246 1870 peccato
271 1789 461 1873 paenitebat,
488 1788 665 1850 ostendens
691 1802 868 1848 corsuum
891 1802 912 1846 a
966 1787 1155 1849 sitationem
1178 1786 1328 1847 interius.
1353 1785 1485 1846 Primus
1511 1785 1705 1860 designatur
1726 1785 1761 1845 in

92 1891 250 1952 Domino
264 1889 446 1958 visitatum,
460 1885 694 1948 etdicensDeo
707 1885 742 1944 in
753 1884 913 1960 poeniten·
965 1900 1005 1945 eo
1033 1884 1119 1961 quod
1145 1884 1291 1945 dicitur:
1317 1886 1403 1950 Quia
1417 1883 1593 1957 Propheta
1614 1897 1764 1958 mappas

92 1986 180 2047 tiali
204 1986 356 2063 psalmo:
376 1983 535 2046 Gemitus
553 1997 653 2043 meus
673 1998 696 2043 a
717 1983 750 2042 tc
772 1997 842 2042 aaa
860 1982 912 2042 cst
964 1982 1125 2043 surremit
1145 1986 1182 2043 iu
1204 1984 1311 2043 aoth.
1328 1980 1495 2056 Propheta
1516 1995 1657 2055 magnus
1676 1980 1761 2065 dioi-

93 2084 350 2154 accomodatas,
377 2080 538 2158 praemisit
566 2078 679 2141 dicens
707 2100 715 2139 r
745 2081 909 2150 limatae,
965 2079 1020 2139 tur
1034 2079 1197 2150 Christus,
1212 2077 1268 2155 qni
1282 2077 1761 2153 estilominusprophetarum,

91 2182 190 2241 uate
213 2181 248 2242 te
269 2194 369 2241 omae
387 2180 599 2239 desideriam
617 2191 735 2237 cacam
757 2173 839 2253 (Ps,
859 2178 909 2245 37,
965 2175 1022 2253 qui
1038 2179 1115 2237 tunc
1128 2175 1235 2250 surgit
1250 2176 1286 2235 in
1302 2174 1407 2245 nobis,
1423 2174 1554 2251 quando
1569 2173 1762 2251 praedicatio

94 2276 172 2356 10).
192 2276 294 2348 Quasi
309 2275 456 2336 diceret:
470 2274 540 2345 ¹Qui
561 2273 736 2349 portabant
754 2272 911 2342 loculum,
966 2275 1038 2350 ejus
1054 2288 1114 2349 per
1128 2288 1242 2334 seruos
1259 2272 1407 2349 ejusdem
1429 2270 1517 2333 lacta
1533 2272 1630 2332 sonat
1643 2271 1680 2331 in
1696 2286 1762 2330 au-

93 2374 133 2436 te
150 2372 457 2450 appropinquante,
475 2370 646 2441 steterunt,
661 2369 739 2446 quia
752 2368 841 2429 mala
854 2368 914 2428 de-
966 2370 1058 2431 rihus
1070 2370 1205 2431 nostris.
1224 2370 1298 2445 Ipse
1313 2369 1402 2429 enim
1412 2368 1559 2445 loquitur
1571 2383 1630 2444 per
1644 2383 1759 2428 servos

94 2470 236 2530 sideria
249 2484 322 2545 quae
340 2469 376 2528 in
393 2467 538 2544 peccatis
558 2467 722 2527 mortuum
738 2464 914 2542 portabant
966 2482 1055 2539 suos,
1071 2468 1116 2539 et,
1135 2466 1266 2543 quando
1290 2466 1483 2543 praedicant,
1507 2464 1657 2527 Christus
1672 2480 1763 2541 prae-

94 2568 142 2628 ad
158 2566 345 2633 infernum,
354 2565 387 2626 te
397 2564 624 2625 inflammante
633 2563 804 2630 steterunt,
814 2561 911 2628 idest.
965 2564 1055 2625 dieat
1075 2564 1110 2624 in
1131 2563 1192 2625 eis.
1214 2563 1309 2625 Unde
1328 2564 1527 2640 Apostolus:
1550 2567 1604 2625 Aa
1618 2564 1764 2638 curpett-

95 2662 338 2734 cessavorunt
354 2661 388 2722 et
403 2661 438 2721 in
451 2661 572 2721 honum
593 2675 754 2721 conversa
770 2660 857 2720 sunt.
965 2661 1120 2722 rmctttm
1136 2661 1294 2735 auaritia
1317 2664 1393 2733 ejas
1407 2665 1466 2734 pai
1487 2665 1524 2722 ia
1537 2676 1593 2723 me
1610 2660 1764 2734 loquitur

142 2762 352 2821 Adolescens
376 2759 436 2819 tihi
458 2760 543 2827 dico,
569 2772 684 2833 carpe.
706 2757 807 2829 Quasi
822 2757 914 2817 dice-
966 2759 1124 2821 carratas
1136 2756 1181 2836 (11
1196 2759 1269 2819 Gor.
1285 2773 1360 2829 xur,
1376 2756 1420 2829 3).

98 2857 158 2918 ret
176 2877 185 2916 z
203 2870 303 2930 surge
317 2855 375 2932 qui
385 2854 520 2926 dormis,
532 2852 910 2929 etexsurgeamortuis.
1005 2855 1129 2917 Gratiae
1163 2855 1310 2917 visitatio
1352 2853 1546 2929 designatur
1586 2853 1644 2925 ihi,
1684 2853 1761 2930 quia

97 2954 229 3015 Dicere
244 2951 377 3023 Christi,
393 2950 513 3012 secisse
525 2951 586 3020 est,
603 2951 680 3027 qiua
694 2950 912 3025 ipsodicitet
964 2956 1058 3014 Deam
1078 2952 1236 3015 cutavit
1254 2955 1385 3026 piebem
1402 2966 1515 3012 mam.
1538 2952 1626 3011 Deus
1646 2951 1764 3012 visitat

98 3051 203 3125 (acta
217 3049 309 3110 aaut.
329 3049 376 3108 at
388 3048 517 3110 resedit
533 3050 592 3121 aaa
608 3049 686 3108 erat
699 3047 859 3109 mortuas
878 3046 912 3107 ct
964 3049 1094 3125 plebem
1113 3048 1361 3125 enumerando
1384 3063 1443 3124 per
1459 3047 1602 3123 gratiam
1620 3047 1763 3123 Spiritus

98 3147 212 3221 caepit
226 3149 327 3220 team.
343 3145 430 3206 Nota
445 3144 611 3221 duplicem
626 3144 817 3221 poeuitentis
832 3158 913 3218 ope-
966 3147 1079 3207 Sancti
1105 3145 1200 3207 docet
1225 3145 1428 3206 intrinsecus
1452 3143 1553 3205 corda
1576 3144 1703 3212 nostra,
1726 3144 1763 3205 ut

99 3243 274 3304 rationem
286 3242 340 3303 vel
354 3241 507 3316 gratiam,
523 3240 689 3312 videlicet,
706 3238 913 3301 humiliatio·
966 3242 1052 3319 quod
1076 3241 1230 3303 audimus
1251 3258 1295 3302 ex
1322 3257 1380 3303 ore
1401 3240 1642 3318 praedicatoris,
1669 3241 1760 3303 intus

99 3356 184 3401 nem
198 3338 498 3401 etcontessionem.
512 3337 706 3398 Humiliatio
720 3336 829 3397 estihi
846 3336 913 3395 alit
965 3353 1254 3414 recognoscamus.
1287 3338 1378 3410 Quod
1409 3338 1508 3398 valde
1535 3338 1763 3400 necessarium

98 3437 238 3499 resedit
252 3438 311 3510 ortt
325 3435 403 3496 crat
421 3434 591 3495 mortuas.
609 3432 720 3494 Sessio
738 3433 850 3494 autem
866 3433 914 3491 si·
968 3438 1029 3508 est,
1045 3435 1135 3512 quia,
1150 3434 1216 3495 nisi
1231 3436 1340 3511 gratia
1360 3434 1503 3511 Spiritus
1520 3435 1636 3496 Sancti
1646 3435 1766 3498 doceat

97 3533 248 3611 gnificat
265 3531 530 3592 humiliationem
548 3529 730 3591 secundum
749 3529 831 3591 illud
846 3531 914 3589 Da·
965 3532 1179 3604 intrinsecus,
1192 3547 1301 3593 sermo
1315 3532 1543 3609 praedicatoris
1554 3533 1764 3594 extrinsecus

99 3631 160 3695 vid
179 3649 189 3690 ε
206 3629 347 3705 surpite
356 3629 538 3702 postauam
556 3627 716 3689 sederitis
730 3630 789 3700 qai
806 3638 911 3689 mua-
965 3630 1001 3690 in
1015 3645 1138 3690 vanum
1159 3628 1299 3691 laborat.
1322 3630 1415 3690 Unde
1437 3630 1616 3705 Gregorius
1631 3651 1638 3691 :
1654 3646 1673 3690 a
1688 3630 1763 3692 Nisi

100 3728 245 3790 ducatis
262 3739 392 3799 punem
412 3728 540 3787 doloris
557 3722 639 3802 (Pa,
663 3725 733 3796 126,
748 3721 793 3802 i).
811 3724 912 3796 Quasi
967 3726 1110 3805 Spiritus
1122 3727 1264 3788 Sanctus
1274 3726 1361 3788 adsit
1373 3726 1465 3788 cordi
1476 3726 1654 3800 audientis,
1671 3727 1771 3790 otio-¹

103 3824 254 3885 diceret:
271 3822 520 3898 Opoenitentes,
542 3820 599 3897 qui
619 3820 828 3883 manducatis
851 3836 913 3896 pa·
965 3840 1022 3885 sus
1038 3827 1088 3885 est
1107 3840 1216 3886 sermo
1235 3823 1391 3886 doctoris.
1405 3842 1424 3884 a
1438 3825 1514 3886 Nisi
1533 3825 1623 3888 intus
1647 3825 1691 3887 sit
1704 3826 1765 3903 qni

104 3936 184 3981 nem
209 3919 345 3989 doloris,
368 3918 464 3990 idest,
488 3917 545 3994 qui
565 3918 777 3983 delectamini
791 3918 826 3979 in
846 3918 910 3979 do·
965 3920 1091 3992 doceat,
1109 3921 1223 3998 lingua
1248 3920 1394 3983 doctoris
1412 3923 1560 3983 exterius
1583 3923 1620 3982 in
1638 3938 1762 3984 vanum

104 4014 179 4077 lore
201 4030 306 4092 poenae
323 4014 408 4076 sicut
421 4014 457 4075 in
472 4030 568 4090 pane,
590 4015 717 4090 surgite
737 4015 911 4092 postquam
964 4018 1101 4080 laborat
1116 4020 1156 4080 at
1169 4017 1274 4079 David
1292 4039 1299 4078 ε
1320 4021 1399 4081 Nisi
1422 4022 1590 4080 Dominus
1610 4020 1764 4092 adtttcc-
1834 4052 1837 4058 ·

105 4113 276 4183 sederitis,
290 4111 386 4183 idest,
402 4111 608 4183 exaltamini,
622 4112 912 4188 postquamhumi·
964 4116 1056 4176 verit
1077 4118 1280 4176 doraum.....
1300 4114 1370 4193 (Ps.
1397 4115 1465 4187 125,
1490 4113 1535 4194 1).
1552 4116 1760 4178 Praedicato-

105 4208 182 4271 liati
198 4209 339 4281 fueritis,
358 4208 437 4286 quia
453 4223 511 4285 per
525 4223 631 4284 poenae
646 4208 911 4271 humiliationem
964 4226 1018 4272 res
1033 4210 1200 4272 aedificant
1223 4210 1367 4281 domum,
1392 4210 1489 4282 idest,
1512 4212 1679 4273 hominem
1703 4214 1761 4290 qui

106 4306 290 4384 acquiretis
316 4307 474 4368 aeternam
503 4305 751 4369 exaltationem.
775 4305 811 4366 Si
837 4307 911 4382 quis
965 4309 1015 4368 est
1029 4306 1144 4369 domus
1159 4308 1231 4379 Dei,
1251 4308 1400 4369 exterius
1414 4308 1637 4383 praedicando,
1654 4310 1761 4371 sedin

107 4401 213 4478 igitur
227 4404 262 4464 in
278 4403 422 4479 peccatis
441 4404 592 4463 mortuus
604 4401 718 4473 fuerit,
735 4417 755 4462 a
772 4402 910 4465 Domino
964 4419 1085 4465 vanum
1103 4403 1266 4476 laborant,
1288 4403 1353 4463 nisi
1367 4404 1526 4464 Dominus
1546 4405 1761 4471 aedificaverit

108 4499 328 4561 resuscitatus
343 4498 478 4560 residat.
494 4499 611 4560 Faciat
627 4497 713 4576 quod
735 4498 816 4560 dicit
831 4498 912 4559 bea·
965 4500 1167 4563 intrinsecus
1182 4499 1398 4578 pergratiam
1413 4500 1571 4563 docendo.

108 4594 162 4656 tus
175 4598 295 4657 Petms
312 4598 576 4657 :Humiliamiai
586 4596 648 4657 eui
657 4595 789 4670 potenti
803 4611 912 4659 autad

109 4694 183 4764 Dei,
204 4693 243 4756 at
255 4707 317 4755 eos
328 4692 459 4754 ecaltet
477 4692 684 4766 intempore
702 4694 913 4755 visitationis
1481 4725 1486 4733 ,

111 4784 140 4865 (1
154 4790 245 4851 retr.
259 4803 292 4860 v,
306 4786 353 4868 o).
1317 4774 1409 4863 XX]

150 4885 322 4948 Confessio
337 4884 532 4959 designatur
543 4884 590 4946 ihi
604 4905 612 4945 ε
628 4887 674 4948 at
691 4887 794 4963 coeptt
808 4890 908 4961 touta

110 4982 202 5044 ‘lunc
227 4982 395 5054 mortuus,
420 4981 521 5054 idest,
547 4982 700 5058 peccator
719 4983 837 5061 incipit
859 4985 911 5045 lo-
1051 4979 1256 5041 DOMINIGA
1276 4981 1497 5045 PASSIONIS
1518 4984 1671 5047 DOMINI

112 5078 179 5154 qui,
202 5078 333 5157 quando
355 5079 529 5142 confltetur
548 5079 683 5155 peccata
702 5094 774 5140 sua.
789 5082 835 5141 Et
851 5084 911 5142 de-

113 5176 160 5235 dit
185 5180 282 5240 idam
306 5178 416 5238 aratri
434 5191 520 5238 aaa.
540 5177 632 5236 Tunc
652 5174 741 5236 lilius
761 5177 911 5240 redditur
1003 5182 1084 5246 Quis
1104 5194 1152 5243 cac
1169 5184 1263 5244 uotis
1276 5185 1401 5259 arpact
1414 5200 1470 5246 me
1485 5187 1527 5246 de
1547 5186 1763 5259 peccatotSt

113 5274 228 5346 matri,
253 5272 386 5350 qnando
409 5273 564 5349 peccator
586 5272 823 5335 reconciliatur
846 5277 911 5336 Ec-
962 5278 1147 5341 veritatem
1174 5282 1247 5341 dico
1270 5284 1375 5354 eoois
1398 5296 1508 5356 auare
1531 5292 1600 5343 aaa
1617 5285 1760 5346 creditu

114 5368 234 5432 clesiae.
262 5369 326 5431 Sed
351 5370 429 5446 quia
453 5368 627 5432 conversio
653 5369 837 5446 peccatoris
860 5376 910 5434 est
962 5377 1066 5437 mihil
1080 5372 1191 5454 (Juan.
1205 5391 1279 5449 vui,
1293 5375 1358 5456 46).

113 5464 147 5526 iu
173 5466 361 5543 exemplum
387 5465 533 5538 caeteris,
556 5466 589 5528 et
609 5465 768 5541 gaudium
787 5468 908 5542 justis,
1002 5472 1152 5543 Quatuor
1174 5472 1394 5535 admiratione
1421 5472 1521 5549 digna
1544 5473 1760 5540 considerare

115 5565 353 5643 consequenter
386 5562 538 5642 achungit
576 5583 584 5623 z
621 5565 759 5638 Accepit
792 5566 910 5629 autem
963 5567 1120 5631 debemus
1139 5569 1336 5643 inebriato,
1358 5569 1525 5643 videlicet,
1547 5571 1755 5645 munditiam,
