3936 6182
112 248 167 310 nai
761 249 814 311 bn
835 251 1031 314 ADVENTU
1055 254 1095 315 11.
1192 308 1196 317 ,
1700 247 1759 309 6ae

114 409 262 480 Quatuor
275 408 407 471 Domini
428 410 535 472 nostri
553 392 634 474 iesu
648 409 770 472 Christi
785 410 911 472 adven·
962 413 1097 490 propria
1112 413 1213 484 venit,
1231 411 1318 472 idest
1332 411 1366 472 in
1381 426 1482 472 carne
1498 410 1611 472 nostra
1625 407 1757 471 mortali

116 507 168 568 tus
197 504 378 591 ,distinctos
408 508 596 569 invenimus
640 508 676 568 in
715 507 906 585 scripturis.
963 526 1061 587 quam
1076 510 1148 588 ipse
1165 510 1253 583 iecit,
1272 510 1350 587 quia
1370 508 1526 570 iormavit
1538 507 1705 568 hominem
1716 505 1757 567 de

115 602 245 664 Primus
260 603 490 679 fuitincarne‚
503 605 667 667 secundus
680 605 906 681 cumgratia,
962 606 1042 670 limo
1058 608 1157 669 terrae
1179 607 1221 668 ad
1247 607 1425 682 imaginem
1451 607 1483 668 et
1506 602 1757 666 similitudinem

114 701 230 763 tertius
258 701 295 763 in
321 704 442 776 morte,
466 704 604 781 quartus
626 704 691 766 erit
713 705 748 764 in
767 702 906 781 judicio.
962 707 1214 767 maimbertus
1243 707 1294 767 est
1315 705 1413 766 homo
1433 704 1474 765 ad
1494 704 1673 780 imaginem
1698 701 1757 762 Dei

113 798 244 861 Primus
271 799 334 861 suit
349 801 385 861 in
408 801 593 873 dulcedine,
617 800 784 863 secundus
805 800 907 862 estin
962 818 1021 881 per
1043 802 1249 875 memoriam,
1270 802 1536 878 intelligentiam,
1558 803 1591 862 et
1605 799 1759 861 dilectio·

112 896 287 973 sapientia,
300 898 419 960 tertius
434 900 487 961 est
500 899 535 960 in
550 898 673 971 furore,
692 899 831 977 quartus
845 898 909 960 erit
961 916 1048 962 nem.
1070 899 1185 962 Unde:
1209 900 1418 961 Meminerim
1440 901 1484 972 te,
1505 899 1690 975 intelligam
1711 897 1726 959 t
1746 942 1755 967 ‚

112 995 146 1056 in
158 993 401 1082 indignatione.
961 998 1097 1075 diligam
1109 997 1152 1071 te,
1160 998 1257 1075 Juxta
1267 996 1350 1057 illud
1368 997 1402 1057 in
1424 999 1525 1072 Lege:
1546 1000 1675 1072 Diliges
1689 999 1759 1057 Do-

150 1092 285 1154 Primus
311 1094 472 1156 adventus
496 1092 561 1157 fuit
585 1093 621 1155 iu
645 1094 821 1155 dulcedine
849 1109 909 1170 per
960 1100 1095 1158 minum
1115 1099 1226 1158 Deum
1248 1095 1347 1155 tactem
1361 1109 1408 1156 cm
1426 1094 1494 1155 loto
1513 1097 1632 1166 corda,
1656 1094 1690 1155 at
1711 1108 1758 1155 cm

112 1190 268 1252 humanae
282 1190 393 1253 carnis
406 1192 677 1269 assumptionem,
692 1191 824 1269 quando
836 1191 908 1268 ipse
962 1194 1034 1255 totu
1047 1195 1168 1255 anima
1187 1192 1258 1253 tna.
1281 1188 1390 1270 (Dent.
1405 1206 1450 1263 vl,
1476 1187 1521 1269 5).
1548 1192 1612 1250 Per
1631 1205 1758 1249 memo-

112 1287 272 1349 Ilominus
302 1289 416 1359 noster
449 1288 554 1351 iactus
577 1288 629 1350 est
655 1288 759 1352 irater
782 1291 905 1362 noster,
961 1290 1046 1352 riam
1059 1290 1179 1352 similis
1194 1289 1297 1362 Patri,
1314 1304 1374 1366 per
1388 1287 1643 1363 intelligentiam
1657 1286 1754 1356 Filio,

111 1385 187 1463 quia
202 1384 279 1463 ipse
301 1388 352 1447 est
370 1403 408 1449 os
427 1403 471 1448 ex
490 1386 620 1448 ossibus
639 1387 762 1449 nostris
783 1388 815 1449 et
830 1402 907 1448 caro
961 1403 1021 1466 per
1042 1387 1252 1449 dilectionem
1272 1386 1411 1464 Spiritui
1437 1388 1569 1447 Sancto.
1592 1388 1658 1446 Per
1681 1399 1754 1445 me-

111 1482 269 1545 decarue
288 1485 414 1546 nostra.
432 1487 507 1561 Ipse
521 1484 631 1547 attuht
649 1500 792 1562 namque
814 1484 907 1546 nobis
961 1486 1101 1547 moriam
1114 1485 1236 1547 dicitur
1246 1484 1365 1545 similis
1378 1484 1471 1545 Patri
1489 1483 1620 1546 ratione
1635 1482 1757 1543 simili-

109 1594 178 1640 suae
193 1578 383 1643 divinitatis
403 1579 633 1652 aeternitatem,
650 1580 683 1641 et
692 1580 818 1657 recepit
829 1596 909 1641 nos·
960 1583 1099 1656 tudinis,
1116 1599 1183 1644 non
1205 1582 1420 1661 proprietatis
1438 1581 1665 1659 expressione.
1680 1581 1756 1641 Non

113 1676 170 1737 trae
185 1677 300 1738 carnis
319 1677 565 1739 mortalitatem.
584 1677 680 1739 Dedit
698 1676 793 1739 nobis
812 1693 907 1739 suam
960 1682 1051 1742 enim
1074 1681 1235 1743 memoria
1248 1680 1381 1757 proprie
1403 1680 1437 1740 in
1461 1682 1565 1740 Deum
1584 1679 1683 1750 cadit,
1700 1679 1757 1755 qui

109 1772 273 1850 gloriam,
307 1777 341 1838 et
375 1776 521 1852 suscepit
543 1776 692 1838 nostram
724 1775 904 1836 miseriam.
960 1795 1128 1857 uunquam
1150 1777 1373 1850 obliviscitur,
1391 1776 1449 1837 sed
1465 1776 1542 1854 quia
1564 1775 1673 1836 solent
1695 1790 1758 1851 pa·

105 1873 265 1950 Suscepit
282 1873 386 1949 igitur
405 1873 440 1934 in
455 1889 492 1935 se
510 1858 641 1951 poenam
660 1888 720 1950 pro
739 1872 903 1945 omnibus,
958 1878 1026 1939 tres
1039 1876 1240 1954 longevitate
1254 1874 1351 1953 plura
1366 1889 1552 1936 memorare
1567 1888 1666 1951 quam
1682 1872 1754 1932 iiiii.

111 1971 146 2032 ut
168 1970 266 2034 daret
293 1988 352 2047 per
372 1987 410 2033 se
430 1971 572 2047 gloriam
595 1971 772 2032 universis.
800 1971 906 2047 Igitur
959 1978 1026 2036 Per
1039 1973 1294 2050 intelligentiam
1307 1972 1403 2044 Filio,
1420 1971 1498 2050 quia
1511 1971 1615 2033 Filius
1631 1970 1681 2032 est
1695 1985 1754 2031 sa-

110 2069 196 2129 Dcus
216 2068 413 2131 humiliatus
435 2071 486 2131 est
505 2069 735 2140 inhominem,
751 2069 788 2130 ut
807 2068 904 2130 homo
959 2073 1085 2151 pientia
1103 2072 1224 2145 Patris,
1240 2072 1324 2148 'quae
1350 2087 1394 2132 ex
1415 2085 1473 2131 ore
1496 2068 1657 2131 Altissimi
1677 2083 1756 2145 pro-

106 2164 307 2230 sublimaret
317 2168 354 2228 in
364 2170 480 2229 Deum.
492 2167 590 2229 Dives
601 2168 802 2244 pauperatus
810 2167 860 2228 est
869 2166 905 2226 in
957 2170 1029 2243 diit,
1056 2169 1278 2247 primogenita
1301 2170 1379 2230 ante
1400 2183 1529 2229 omnem
1555 2169 1752 2228 creaturam.

109 2278 304 2341 pauperem,
325 2266 362 2328 ut
379 2280 505 2342 pauper
525 2264 687 2326 ditaretur
702 2263 737 2324 in
756 2263 903 2325 divitem.
959 2271 1025 2329 Per
1033 2267 1244 2329 dilectionem
1258 2266 1397 2343 Spiritui
1415 2264 1547 2337 Sancto,
1560 2265 1638 2341 quia
1654 2263 1756 2341 Spiri-

107 2360 247 2423 Infirma
267 2363 391 2423 etenim
412 2364 537 2434 nostra,
554 2362 641 2423 sicut
655 2360 787 2432 famem,
804 2360 904 2432 sitim,
958 2366 1014 2427 tus
1028 2365 1169 2426 Sanctus
1188 2363 1341 2425 estamor
1353 2362 1463 2424 Patris
1478 2362 1511 2424 et
1527 2362 1615 2434 Filii,
1632 2361 1752 2422 ambo-

104 2456 356 2530 lassitudinem,
369 2460 571 2536 caeterosque
584 2458 774 2534 corporales
791 2457 904 2519 deiec—
959 2478 1098 2539 rumque
1109 2462 1285 2523 connexio.
1302 2461 1444 2539 Ideoque
1457 2476 1523 2521 non
1536 2460 1621 2522 dixit
1632 2475 1751 2530 meatu,

104 2556 174 2625 tus,
199 2556 324 2631 praeter
347 2556 529 2633 peccatum,
546 2572 605 2634 pro
632 2555 727 2617 nobis
747 2556 816 2633 pati
839 2572 905 2618 non
958 2560 1045 2622 idest
1063 2560 1184 2632 Patris,
1203 2560 1236 2622 et
1247 2558 1323 2620 Filii
1339 2560 1372 2620 et
1389 2555 1532 2636 Spiritus
1546 2558 1657 2619 Sancti
1674 2557 1753 2619 tau-

105 2650 255 2727 horruit.
275 2654 313 2713 In
328 2668 440 2725 carne,
461 2668 534 2730 quae
551 2653 628 2714 sunt
642 2653 831 2730 hujusmodi
848 2668 905 2714 re·
957 2658 1039 2731 tum,
1065 2658 1123 2720 sed
1146 2660 1305 2729 nostram,
1328 2656 1415 2718 idest
1435 2656 1546 2717 Patris
1570 2656 1603 2718 et
1625 2655 1702 2717 Filii
1721 2657 1756 2717 et

105 2749 211 2811 tinuit
236 2750 415 2825 potestate,
443 2750 602 2813 sustinuit
625 2750 813 2823 voluntate,
838 2766 904 2812 nou
959 2756 1102 2833 Spiritus
1122 2756 1246 2817 Sancti.
1269 2757 1308 2817 Et
1327 2754 1401 2815 ideo
1422 2753 1565 2815 dicitur:
1583 2755 1754 2828 faciamte

106 2862 226 2923 passus
242 2848 452 2910 necessitate·
467 2848 550 2920 Quia
565 2846 824 2925 illirietassecit
837 2864 904 2909 non
955 2857 1129 2916 nomiliam
1153 2855 1199 2914 aa
1223 2853 1467 2929 0101110101
1490 2853 1753 2914 similituninem

106 2943 246 3020 dignum
257 2945 344 3021 quod
360 2945 455 3007 nobis
468 2946 604 3008 miseria
614 2945 773 3006 reddebat
786 2961 904 3007 neces·
956 2952 1115 3012 nostram
1134 2947 1230 3029 (Gen.
1246 2966 1269 3022 1,
1289 2952 1340 3011 26.
1363 2952 1447 3011 Dum
1469 2950 1550 3011 dicit
1570 2950 1611 3010 ad
1627 2948 1752 3023 imagi-

108 3042 245 3104 sarium.
271 3045 342 3104 Hoc
365 3043 476 3104 autem
504 3043 747 3104 lucarnationis
773 3042 901 3106 Divinae
955 3063 1043 3118 nem,
1057 3048 1150 3109 notat
1160 3045 1247 3108 bona
1258 3049 1401 3121 natura,
1419 3045 1588 3107 subdendo
1601 3045 1643 3106 ad
1658 3044 1754 3105 simi-

111 3141 301 3218 mysterium
332 3140 374 3202 ab
397 3142 522 3203 aeterno
548 3140 746 3218 repositum,
772 3141 901 3217 angelis
955 3144 1141 3213 litudiuem,
1156 3143 1346 3206 notatbona
1362 3142 1489 3219 gratiae.

112 3236 356 3301 sublimioribus
388 3239 560 3311 creditum,
582 3238 713 3299 diabolo
737 3239 900 3311 celatum,
995 3246 1038 3304 lu
1048 3242 1304 3317 propalaverat
1318 3241 1418 3302 cisni
1431 3254 1509 3300 enni
1524 3252 1749 3311 1011100000-

111 3334 271 3397 redditum
295 3337 346 3398 est
359 3335 395 3397 in
413 3337 531 3398 Maria.
557 3338 752 3413 susceptum
776 3336 817 3396 ab
840 3339 904 3397 Eo-
955 3340 1050 3402 runt.
1067 3338 1137 3410 Sui,
1153 3337 1242 3399 idest
1254 3339 1272 3398 J
1276 3337 1361 3397 udaei
1374 3352 1449 3397 eum
1462 3351 1529 3398 nou
1540 3338 1748 3412 receperunt,

110 3432 217 3505 alesia,
241 3433 315 3495 sine
340 3433 407 3495 line
427 3434 629 3496 celebratum
652 3433 689 3494 in
710 3433 830 3509 gloria.
852 3432 900 3494 hd
956 3437 1013 3498 sed
1026 3436 1219 3513 spernentes
1234 3434 1406 3495 dixerunt:
1419 3437 1588 3497 Nolumus
1599 3437 1689 3495 bunc
1697 3447 1751 3496 rc·

110 3527 169 3591 hoo
182 3531 295 3609 itaque
309 3531 483 3593 nobiscum
498 3531 627 3593 vixitin
643 3546 755 3601 carne,
770 3532 807 3591 ut
821 3546 903 3605 proe-
954 3549 1065 3612 gnurc
1082 3549 1189 3608 snper
1211 3547 1274 3593 uos
1291 3531 1374 3610 (Luc
1387 3547 1459 3601 mx,
1477 3529 1540 3604 14).
1561 3532 1623 3592 Η10
1637 3531 1749 3609 itaque

110 3625 205 3690 ferret
222 3629 379 3706 exempla
395 3629 546 3706 justitiae.
570 3628 618 3689 Ad
643 3628 707 3689 hoc
724 3643 783 3705 pro
806 3627 901 3689 nobis
954 3632 1115 3694 adventus
1130 3630 1193 3693 suit
1209 3630 1244 3691 in
1260 3630 1444 3692 dulcedine.
1467 3632 1546 3701 Quae
1561 3630 1650 3691 euim
1672 3646 1749 3691 ma-

111 3725 242 3788 mertem
256 3725 373 3795 subiit,
390 3728 426 3788 ut
440 3725 608 3787 conferret
621 3739 760 3786 munera
783 3724 901 3786 salutis
950 3733 1007 3809 jor
1029 3728 1169 3791 dulcedo
1197 3728 1305 3806 potest
1330 3744 1404 3789 esse
1427 3728 1463 3789 in
1487 3728 1550 3790 hac
1566 3727 1635 3790 vita
1649 3745 1747 3806 quam

112 3823 248 3887 eternae.
262 3823 420 3885 Traditus
431 3824 481 3885 est
489 3823 589 3896 enim,
604 3824 640 3884 ut
651 3823 700 3884 ait
710 3822 898 3899 Apostolus,
953 3828 1016 3891 suit
1033 3827 1093 3889 illa
1116 3827 1156 3888 de
1177 3842 1243 3904 que
1266 3826 1347 3889 dicit
1367 3826 1489 3887 isaias:
1515 3831 1668 3900 Populus
1689 3829 1748 3900 qul

111 3922 519 4000 11101111119001111101111,
534 3920 901 3998 vulneratnsestprop-
952 3927 1089 3989 sedebat
1113 3928 1150 3987 ln
1174 3926 1323 3991 tenebris
1346 3928 1434 3987 vidit
1456 3931 1565 3987 lucem
1581 3939 1747 4001 mugilem

111 4017 156 4078 ter
170 4021 299 4082 scelera
317 4020 443 4080 nostra.
464 4021 548 4080 Ecce
567 4019 741 4096 plagarum
758 4020 897 4081 curatio.
953 4024 1011 4104 (Is.
1027 4041 1075 4097 vx,
1088 4021 1134 4103 2),
1151 4022 1236 4085 idest
1247 4022 1455 4085 nativitatem
1470 4022 1605 4083 Christi.
1629 4022 1668 4082 nt
1680 4037 1745 4082 na-

111 4115 336 4180 utresurrent
346 4116 480 4194 propter
485 4116 741 4194 justificationes
754 4118 896 4179 nostras.
952 4123 1066 4186 tivitas
1081 4120 1203 4182 Christi
1216 4119 1279 4180 luit
1288 4119 1347 4180 lux
1361 4135 1441 4181 vera
1456 4135 1529 4196 quae
1544 4118 1747 4180 illuminavit

112 4212 186 4275 Eece
207 4215 414 4293 perditorum
435 4214 616 4291 reparatio.
640 4214 791 4275 portavit
810 4214 897 4274 enim
952 4219 1056 4282 totum
1082 4216 1206 4286 orbem,
1235 4216 1321 4278 sicut
1348 4216 1428 4277 dicit
1456 4215 1634 4276 zacharias
1663 4218 1748 4277 Pro-

111 4313 236 4384 peccata
246 4312 364 4374 nostra
378 4313 413 4373 in
426 4327 486 4372 suo
500 4326 638 4389 corpore
649 4325 748 4386 super
759 4310 896 4386 lignum,
952 4316 1062 4394 pheta,
1071 4315 1166 4392 pater
1178 4312 1337 4376 loannis:
1354 4316 1556 4374 illuminare
1567 4315 1621 4374 lte
1635 4308 1693 4385 qni
1709 4314 1747 4371 ln

113 4406 191 4471 sicut
203 4409 286 4472 dicit
299 4409 423 4471 isaias:
453 4412 537 4471 Vere
555 4414 739 4483 languores
762 4408 899 4469 nostros
953 4415 1103 4476 tenearis
1125 4412 1159 4472 ct
1177 4413 1301 4472 umora
1314 4409 1439 4469 mortis
1456 4406 1550 4486 (Luc.
1566 4423 1589 4478 1,
1603 4406 1668 4485 79).
1690 4408 1749 4469 Est

112 4505 177 4577 lpse
206 4508 284 4569 111111
319 4505 376 4586 (lb
400 4521 478 4578 L111,
504 4509 545 4583 4)·
574 4503 738 4576 Portant,
768 4520 835 4565 non
863 4506 900 4566 ut
953 4510 1042 4572 enim
1060 4523 1163 4570 unum
1182 4505 1294 4565 lumen
1308 4505 1342 4566 et
1355 4503 1451 4582 plura
1474 4504 1611 4564 lumina.
1637 4505 1747 4565 Unum

111 4598 176 4677 ipse
189 4602 337 4675 haberet,
352 4604 409 4664 sed
425 4605 495 4665 uta
510 4600 774 4663 nobisauierret.
791 4601 900 4663 Idem·
951 4625 1011 4686 per
1021 4608 1185 4675 naturam,
1200 4602 1298 4680 plura
1317 4617 1377 4678 per
1390 4601 1544 4678 gratiam.
1559 4604 1667 4662 Unum
1682 4618 1746 4678 ge-

113 4713 170 4774 que
203 4703 376 4780 spinarum
406 4716 565 4763 coronam
595 4699 749 4775 gestavit,
777 4699 812 4760 ut
837 4714 898 4760 nos
952 4706 1069 4777 nilum,
1089 4702 1185 4781 plura
1206 4701 1330 4761 creata.
1351 4700 1409 4761 list
1427 4699 1748 4762 011110011οΡ1-

113 4797 220 4860 teterni
232 4800 328 4876 regni
344 4798 532 4860 diademate
548 4796 736 4858 coronaret.
951 4805 1013 4866 tris
1033 4803 1146 4863 lumen
1165 4799 1206 4861 de
1232 4798 1368 4870 lumine,
1389 4797 1475 4859 sicut
1498 4800 1585 4859 Deus
1606 4797 1647 4859 de
1666 4800 1744 4860 Deo.

149 4897 209 4959 Istc
231 4898 394 4960 adventus
407 4895 472 4958 iuit
490 4894 703 4970 indulgentiae
722 4893 801 4971 quia
824 4895 900 4956 exi·
952 4901 1046 4964 Unde
1060 4900 1096 4960 in
1113 4895 1315 4973 Evangelio:
1330 4896 1420 4958 Erat
1436 4900 1598 4958 1111000111
1612 4911 1688 4971 qnoe
1704 4900 1748 4959 11-

114 4994 233 5058 nanivit
253 5012 290 5058 se
314 4995 454 5058 sormam
476 4992 564 5055 servi
577 4992 756 5068 accipiens.
770 4992 897 5053 Erine·
950 4997 1099 5062 luminat
1125 4994 1236 5076 (Joan.
1261 5008 1284 5066 l,
1305 4991 1350 5073 9).
1380 4993 1419 5054 Et
1439 4992 1541 5054 aiibi:
1565 4996 1640 5070 Ego
1667 5008 1747 5055 sum

115 5088 191 5153 nivit
202 5109 247 5166 se,
261 5093 348 5155 idest
361 5091 552 5153 humiliavit
567 5089 748 5166 sequendo
763 5090 897 5152 exivita
951 5102 1013 5159 nm
1024 5097 1162 5167 munla·
1178 5092 1359 5168 pulcronii
1373 5088 1483 5169 (ioan.
1497 5105 1571 5161 vui,
1594 5088 1657 5168 12).
1674 5091 1748 5152 Lux

115 5187 204 5251 Patre
219 5190 250 5252 et
263 5190 435 5254 descendit
446 5189 481 5249 in
496 5188 625 5249 uterum
638 5186 797 5261 Virginis.
811 5189 897 5249 Des·
951 5195 1015 5256 ista
1033 5191 1160 5268 ubique
1174 5205 1322 5267 expansa
1337 5188 1397 5261 est,
1418 5204 1485 5250 non
1509 5187 1635 5249 hahens
1660 5201 1755 5247 con..

115 5286 264 5349 1111111111
279 5289 429 5359 matrem,
445 5286 502 5347 sed
515 5285 676 5347 remansit
694 5300 769 5344 ⁰111ss
786 5284 895 5346 Patre·
950 5291 1074 5354 tractos
1088 5289 1121 5351 et
1133 5289 1250 5350 tenues
1266 5286 1380 5349 radios
1399 5284 1538 5362 replevit
1559 5284 1663 5344 totum
1685 5298 1745 5343 or-

117 5381 257 5461 suscepit
282 5384 522 5446 humanitatem
548 5383 606 5443 sed
630 5381 769 5444 retinuit
789 5381 899 5444 deita-
950 5391 1035 5452 bem.
1063 5389 1103 5450 111
1119 5386 1245 5448 David:
1267 5389 1346 5449 Non
1362 5384 1414 5445 cst
1430 5384 1489 5455 qni
1507 5395 1543 5442 se
1563 5382 1757 5443 abscondat·

114 5476 185 5539 um.
208 5483 299 5545 unde
314 5480 560 5557 nnvangeuo:
577 5481 895 5553 intermisceant,
950 5504 973 5550 a
998 5492 1113 5549 ociore
1138 5487 1214 5557 ejus
1237 5480 1307 5562 (rs.
1330 5482 1387 5551 18,
1414 5476 1460 5556 7).
1484 5477 1583 5538 calor
1603 5479 1675 5554 ejus
1695 5478 1755 5540 est.

114 5575 295 5643 111111111111
310 5594 378 5643 11011
397 5574 724 5657 106611111111001111.
741 5592 763 5649 1,
782 5574 845 5656 11).
861 5580 897 5638 Ill
952 5584 1107 5647 nativitas
1120 5580 1253 5651 (11101311,
1269 5595 1289 5640 a
1304 5593 1367 5655 quo
1381 5574 1503 5647 calore,
1515 5573 1568 5636 vel
1579 5589 1598 5635 a
1611 5590 1676 5652 qua
1689 5592 1758 5639 lla-2
