3936 6182
222 288 281 349 515

264 452 301 511 In
317 450 508 526 episcopatu
523 448 705 511 Asisinati:
733 449 882 512 Ecclesia
905 451 1017 513 Sancti

225 546 350 619 Uberti,
369 549 407 608 12
421 547 576 608 denarios
591 548 755 609 lucenses.

263 645 501 707 Monasterium
531 645 644 707 Sancti
670 645 834 717 Damiani,
859 645 945 723 quod
966 649 1017 707 θεῖ

222 743 375 816 liberum,
390 759 489 803 unam
505 742 623 804 libram
639 759 735 803 cerae.

262 842 501 903 Monasterium
525 840 637 903 Sancti
657 840 765 914 Pauli,
783 840 940 903 aeolicos
963 842 1016 903 lu-

221 954 347 1001 censes.

260 1036 409 1098 Ecclesia
427 1036 539 1098 Sancti
555 1036 725 1098 Erancisci
744 1026 784 1098 de
798 1036 919 1109 Asisio,
940 1052 1014 1115 quae

220 1134 326 1196 libera
341 1135 401 1207 est,
419 1150 518 1195 unam
533 1134 653 1195 libram
675 1150 772 1196 cerae.

258 1232 428 1294 lohannes
447 1232 488 1294 de
509 1233 673 1294 Monacho
692 1232 869 1294 familiaris
887 1232 1014 1295 domini

218 1329 345 1404 AEgidii
369 1329 565 1400 cardinalis,
592 1328 689 1390 debet
709 1329 883 1391 annuatim
912 1344 1013 1391 unum

219 1425 351 1495 obolum
366 1426 574 1503 imperialem
588 1442 649 1503 pro
672 1426 781 1499 leudo,
804 1442 901 1504 (piem
924 1427 1014 1491 tenet

219 1523 260 1586 ab
276 1524 423 1586 Ecclesia
437 1526 586 1587 Romana
598 1524 634 1584 in
649 1525 759 1586 castro
775 1523 957 1597 Botboniae‚
981 1526 1015 1587 et

218 1624 356 1685 vocatur
367 1624 538 1685 Armenia.
554 1624 594 1684 Et
614 1621 731 1684 babuit
751 1622 885 1684 seudum
904 1623 1012 1700 ipsum

839 288 1016 352 HONORII
1038 292 1083 352 Ill
1106 293 1255 355 OPERA.
1806 304 1856 365 cic
1951 376 1958 389 ι

1071 453 1244 515 annuatim
1259 469 1359 515 unam
1375 453 1495 516 libram
1510 470 1607 518 cerae.
1625 458 1665 519 Et
1678 460 1730 521 est
1746 459 1854 525 lactum
1952 496 1958 509 ·

1072 551 1229 612 censuale
1259 552 1407 629 tempore
1436 552 1562 616 domini
1591 557 1778 618 innocentii
1802 562 1852 632 iv,
1952 622 1959 639 ,

1071 664 1159 710 anno
1172 650 1202 709 2.
1210 648 1301 720 Quod
1314 651 1365 711 est
1374 653 1575 728 exemptum,
1586 654 1769 715 secundum
1779 658 1853 735 quod

1070 745 1105 806 in
1121 762 1235 807 eorum
1251 747 1427 823 privilegio
1439 750 1639 812 continetur.

1109 845 1271 917 Castrum,
1299 844 1385 922 quod
1409 846 1605 909 Morichicla
1631 847 1763 922 dicitur,
1779 850 1852 914 sicut

1068 941 1238 1003 invenitur
1265 942 1301 1005 iu
1331 943 1473 1019 registro
1499 946 1652 1021 Gregorii
1679 949 1777 1024 Papae
1801 951 1850 1011 vn

1065 1039 1152 1115 juris
1164 1038 1253 1101 beati
1266 1040 1357 1103 Petri
1372 1041 1433 1103 est.
1959 1050 1960 1053 ’

1108 1238 1151 1296 In
1171 1238 1340 1299 Marcbto.
1364 1239 1401 1298 In
1422 1237 1628 1300 Ariminensi
1648 1238 1851 1334 episcopatu:

1068 1333 1249 1443 Episcopus
1272 1338 1333 1414 pro
1355 1334 1519 1413 Ripab'co,
1536 1352 1637 1398 unam
1659 1336 1779 1400 libram
1798 1354 1853 1401 ar·

1068 1432 1269 1590 ΕΘΕὲοΡῖθῖεθ
1288 1529 1400 1591 Sancti
1419 1530 1624 1604 Paterniani,
1641 1533 1661 1593 3
1676 1532 1797 1597 solidos
1810 1534 1854 1595 lu·

1068 1640 1196 1687 censes.

217 1722 365 1798 tempore
380 1720 823 1797 dominiPapoelnnocentii
839 1723 899 1794 IV,
924 1736 1015 1783 anno
1107 1722 1254 1786 Ecclesia
1285 1724 1397 1786 Sancti
1428 1726 1581 1803 Georgii,
1618 1742 1720 1789 uuam
1743 1728 1853 1791 libram

218 1820 290 1896 ejus
304 1821 334 1880 3.
350 1816 670 1897 [Additomcatecm]

257 1919 296 1976 In
329 1917 520 1994 episcopatu
548 1915 747 1992 Eugubino:
772 1918 1012 1980 Monasterium

219 2015 332 2076 Sancti
345 2015 533 2087 AEmiliani,
549 2017 569 2076 3
584 2014 708 2076 solidos
723 2013 887 2076 lucenses.

256 2113 495 2175 Monasterium
512 2112 624 2174 Sancti
643 2110 819 2184 Ambrosii,
835 2115 855 2175 3
874 2112 1009 2177 solidos.

256 2211 405 2273 Ecclesia
428 2210 541 2273 Sancti
566 2208 685 2285 Angeli
713 2209 753 2271 de
777 2210 970 2285 Glasserna,
990 2214 1011 2273 3

218 2310 340 2371 solidos
355 2309 519 2370 lucenses.

256 2407 496 2469 Monasterium
526 2406 638 2468 Sancti
671 2407 801 2479 Donati,
831 2409 852 2467 2
886 2407 1009 2470 solidus

215 2506 378 2568 lucenses.

256 2606 295 2664 ln
323 2604 516 2679 episcopatu
545 2602 750 2665 Tudertino:
771 2603 1008 2665 Monasterium

217 2700 330 2761 Sancti
344 2699 481 2772 Alberti,
498 2702 537 2760 12
551 2700 674 2761 solidos
689 2699 853 2761 lucenses.

255 2797 493 2858 Monasterium
529 2798 659 2858 Sanctae
695 2798 812 2859 Marias
847 2797 887 2859 de
921 2800 1006 2872 (luti,

216 2910 316 2956 unam
330 2894 451 2955 libram
463 2910 560 2955 ceras.
576 2895 667 2966 Quod
683 2895 733 2956 est
744 2896 944 2972 exemptum.

254 2993 492 3056 Monasterium
500 2992 612 3054 Sancti
621 2993 780 3054 Laurenti
788 2993 1008 3056 deGollazone

96 3103 99 3111 ’
214 3092 423 3154 dominarum
433 3093 649 3163 inclusarum,
661 3106 762 3152 unam
776 3090 896 3154 libram
909 3107 1005 3154 cerae.

253 3194 292 3253 ln
304 3191 499 3268 episcopatu
511 3189 697 3251 Nucerino:
714 3188 863 3252 Ecclesia
876 3191 1007 3253 Sanctae

212 3289 328 3351 Mariae
338 3288 375 3349 in
386 3288 496 3357 Suria,
509 3290 529 3349 3
540 3287 663 3349 solidos
679 3287 841 3350 lucenses.

251 3388 491 3449 Monasterium
503 3385 615 3447 Waldi
618 3428 679 3448 .....

251 3488 288 3547 In
304 3485 497 3562 episcopatu
519 3483 689 3561 Spoletino
702 3505 709 3541 :
724 3483 871 3545 Ecclesia
892 3484 1006 3546 Sancti

212 3584 313 3655 Petri,
330 3584 429 3662 juxta
448 3583 555 3660 ipsam
569 3581 749 3651 civitatem,
769 3583 790 3642 2
810 3581 934 3643 solidos
952 3582 1006 3642 lu-

210 3697 337 3743 censes.

223 3852 226 3857 ¹
250 3777 398 3840 Ecclesia
410 3778 523 3839 Sancti
538 3777 680 3855 Spiritus
696 3777 1003 3854 deCapana,unau1

209 3875 328 3938 libram
343 3891 440 3938 cerae.

248 3974 488 4036 Monasterium
517 3974 629 4035 Sancti
655 3974 746 4036 Petri
774 3973 814 4034 de
839 3975 1001 4049 Bouaria,

208 4072 364 4133 5solidos
379 4072 543 4132 lucenses.

247 4168 396 4230 Ecclesia
420 4170 550 4231 Sancta
571 4169 687 4231 Mariae
711 4168 875 4243 decusis,
898 4185 1002 4232 unam

129 4264 136 4275 '
207 4266 325 4329 libram
340 4283 426 4328 cerae
441 4266 624 4330 annuatim.

244 4366 394 4428 Ecclesia
417 4365 531 4428 Sancti
554 4365 650 4428 Pauli
674 4366 709 4427 in
731 4367 853 4442 Campo
873 4366 998 4439 Salese,

205 4480 304 4525 unam
317 4465 437 4527 libram
447 4480 544 4526 cerae.
791 4448 796 4456 ⁸

244 4563 392 4625 Ecclesia
415 4562 504 4625 beati
532 4563 627 4624 Pauli
653 4562 693 4624 de
722 4562 867 4634 Galleto,
898 4577 999 4623 unam

203 4660 322 4721 libram
336 4676 433 4721 cerae.
597 4654 601 4657 “

242 4757 391 4818 Ecclesia
420 4758 532 4818 Sancti
555 4756 718 4834 Spiritus,
746 4772 846 4818 unam
874 4756 997 4819 libram

204 4870 300 4915 cerae.

242 4952 481 5013 Monasterium
495 4951 624 5012 Sanctae
633 4950 749 5011 Mariae
760 4950 865 5012 Vallis
876 4952 995 5025 Gerlae,

202 5065 302 5111 unam
318 5049 436 5110 libram
452 5065 548 5110 cerae.
564 5048 655 5120 Quod
671 5049 721 5109 est
735 5051 934 5126 exemptum.

240 5147 480 5211 Monasterium
492 5148 621 5208 Sanctae
636 5146 751 5207 Mariae
759 5146 800 5208 de
811 5146 994 5225 Aquaviva,

201 5261 301 5307 unam
315 5246 435 5307 libram
450 5260 546 5306 cerae.
565 5243 656 5315 Quod
672 5245 721 5306 est
735 5248 934 5322 exemptum.

239 5344 479 5407 Monasterium
495 5342 607 5403 Sancti
620 5342 711 5404 Petri
726 5343 765 5404 de
780 5345 891 5406 Monte
906 5346 995 5406 Mar·

201 5457 295 5514 cano,
310 5439 533 5519 12Tlucenses.

240 5539 478 5619 Monasterium
503 5539 631 5601 Sanctae
646 5539 761 5601 Mariae
786 5539 992 5615 Magdalenaa

195 5642 292 5715 juxta
314 5636 469 5698 Nursiam
490 5637 525 5699 in
542 5637 676 5699 dioecesi
699 5637 876 5715 spoletana
898 5637 995 5700 debet

1067 1837 1164 1884 cerae.

1106 1919 1253 2001 Ecclesia
1281 1920 1393 1982 Sancti
1418 1920 1514 1982 Pauli
1542 1921 1583 1983 de
1604 1922 1852 1995 Montescutulo,

1066 2019 1085 2078 2
1107 2017 1230 2079 solidos
1244 2017 1407 2080 lucenses.

1106 2115 1255 2177 Ecclesia
1271 2116 1384 2178 Sancti
1396 2115 1590 2188 salvatoris,
1602 2119 1624 2178 2
1636 2118 1772 2180 solidos.

1105 2214 1344 2275 Monasterium
1360 2214 1473 2275 Sancti
1493 2214 1681 2287 Gaudentii,
1707 2220 1726 2277 4
1747 2215 1852 2278 bisau-

1064 2311 1140 2373 ties.

1104 2410 1343 2472 Monasterium
1357 2410 1470 2472 Sancti
1485 2410 1637 2482 Petri,12
1650 2408 1813 2473 lucenses.

1104 2507 1188 2584 Ripa
1201 2508 1316 2579 Maris,
1329 2509 1350 2568 5
1362 2507 1486 2570 solidos
1498 2507 1661 2570 lucenses.

1104 2604 1251 2666 Ecclesia
1267 2605 1379 2667 Sancti
1394 2603 1559 2668 iohannis
1573 2605 1613 2667 de
1627 2606 1750 2679 Cornu,
1770 2609 1790 2668 2
1803 2622 1855 2668 so-

1063 2701 1148 2763 lidos
1163 2702 1327 2763 lucenses.

1102 2801 1172 2861 Hoc
1205 2801 1354 2876 tempore
1385 2799 1538 2861 dominus
1570 2802 1661 2877 Papa
1690 2802 1853 2878 Eugenins

1062 2896 1232 2958 adinvenit
1257 2895 1514 2959 subtractionem
1545 2897 1578 2960 et
1604 2897 1853 2960 diminutionem

1062 3010 1193 3066 census,
1209 3010 1305 3072 quem
1324 2994 1545 3056 ariminensis
1569 2995 1748 3072 episcopus
1762 2998 1854 3059 Late-

1061 3091 1198 3153 ranensi
1224 3091 1348 3169 palatio
1367 3091 1481 3154 debuit
1498 3092 1597 3153 annis
1616 3093 1762 3170 singulis
1780 3109 1852 3170 per-

1062 3191 1212 3253 solvisse.
1249 3188 1344 3252 Unde
1384 3189 1629 3252 Ariminensem
1663 3190 1852 3269 episcopum

1061 3288 1270 3366 Raynaldum
1293 3286 1334 3348 ad
1352 3286 1517 3349 rationem
1539 3288 1661 3364 posuit,
1686 3289 1745 3365 qui
1762 3304 1852 3351 reco-

1060 3386 1176 3464 gnovit
1196 3386 1229 3447 et
1250 3383 1422 3446 consessus
1437 3386 1498 3457 est,
1515 3400 1678 3447 summam
1699 3387 1852 3447 401ibra·

1060 3501 1134 3546 rum
1146 3482 1305 3547 Romanis
1320 3481 1536 3545 Pontificibus
1551 3480 1757 3546 subtractam
1768 3500 1848 3556 essa,

1060 3583 1093 3645 et
1102 3583 1199 3661 Juxla
1211 3580 1537 3659 beneplacitumejus
1548 3580 1670 3643 exinde
1681 3582 1849 3644 satisfecit

1059 3679 1271 3743 Postmodum
1285 3693 1345 3756 pro
1366 3679 1491 3741 eisdem
1512 3677 1612 3740 rebus
1634 3679 1760 3741 sanctae
1784 3682 1852 3742 Ro-

1058 3794 1165 3840 manae
1180 3775 1350 3849 Ecclesiae,
1366 3791 1440 3853 quae
1454 3775 1490 3836 in
1504 3791 1565 3838 suo
1580 3776 1759 3853 privilegio
1773 3792 1853 3838 con-

1057 3876 1214 3948 timentur,
1228 3873 1384 3936 videlicet
1398 3873 1498 3935 Porta
1509 3874 1624 3936 Sancti
1635 3874 1768 3945 Donati,
1782 3888 1853 3951 qirae

1056 3974 1196 4036 vocatur
1210 3971 1323 4035 Sancti
1345 3970 1497 4044 Andreae,
1513 3970 1583 4033 tota
1604 3970 1758 4047 integra:
1778 3987 1849 4032 me-

1056 4070 1162 4132 dietas
1172 4070 1213 4132 de
1223 4070 1323 4133 Porta
1334 4069 1484 4141 Galilaea,
1497 4084 1571 4146 quae
1587 4070 1730 4131 vocatur
1742 4067 1851 4131 Sancti

1056 4169 1168 4232 Petri:
1200 4166 1368 4231 Porticum
1392 4167 1497 4229 totum
1521 4166 1557 4227 in
1585 4166 1766 4242 integrum,
1794 4180 1851 4243 per

1056 4267 1142 4345 quod
1155 4265 1305 4344 pergitur
1325 4264 1366 4326 ad
1382 4280 1493 4339 mare,
1515 4264 1548 4326 et
1566 4264 1744 4340 porticum,
1767 4263 1852 4325 unde
1965 4266 1966 4269 ’

1054 4365 1225 4441 ingressus
1238 4362 1338 4425 estad
1351 4362 1597 4440 episcopatum:
1611 4361 1775 4423 medietas
1787 4364 1851 4424 tota

1054 4480 1097 4525 ex
1112 4463 1241 4538 integro
1256 4460 1349 4538 Ripae
1366 4460 1488 4522 littoris
1503 4458 1616 4532 maris,
1633 4475 1709 4520 cum
1728 4460 1853 4521 medie·

1053 4560 1121 4623 tate
1132 4558 1173 4623 de
1187 4557 1340 4621 districtu
1364 4572 1436 4630 suo,
1457 4572 1531 4635 quae
1545 4556 1587 4618 ad
1613 4555 1739 4618 littoris
1763 4558 1852 4634 ripas

1053 4658 1208 4735 pertinet,
1219 4656 1289 4719 sive
1299 4654 1340 4717 de
1351 4657 1370 4718 J
1373 4655 1478 4727 udeis,
1491 4654 1562 4718 sive
1572 4655 1612 4715 de
1626 4654 1849 4717 Christianis:

1052 4771 1167 4817 verum
1194 4754 1295 4816 etiam
1319 4752 1353 4814 et
1375 4752 1467 4814 littus
1495 4750 1598 4812 maris
1624 4749 1810 4813 decurrens
1831 4766 1850 4811 a

1053 4851 1246 4914 Elumicello
1266 4866 1370 4928 usque
1394 4849 1436 4911 ad
1457 4849 1607 4921 fluvium,
1632 4849 1689 4925 qui
1714 4850 1852 4911 vocatur

1052 4949 1236 5023 Maricula3
1261 4948 1348 5009 idem
1369 4947 1523 5008 dominus
1545 4949 1635 5023 Papa
1661 4944 1705 5006 ab
1735 4946 1850 5008 eodem

1052 5050 1206 5125 episcopo
1221 5046 1339 5107 libram
1354 5046 1429 5122 puri
1443 5044 1574 5121 argenti
1588 5042 1651 5103 sibi
1667 5044 1701 5104 et
1713 5060 1852 5105 succes-

1051 5146 1181 5208 soribus
1196 5145 1266 5205 suis
1286 5144 1385 5204 annis
1407 5142 1549 5219 singulis
1575 5141 1750 5203 constituit
1775 5158 1853 5219 per-

1051 5242 1254 5306 solvendam.
1286 5242 1321 5303 Si
1347 5257 1421 5317 quae
1450 5239 1553 5316 igitur
1582 5238 1761 5316 privilegia
1798 5239 1851 5300 vel

1050 5342 1173 5419 scripta
1194 5339 1361 5417 praedictae
1385 5337 1607 5401 Ariminensis
1635 5336 1792 5399 ecclesiae
1816 5336 1850 5397 in

1049 5441 1216 5518 posterum
1238 5436 1466 5516 apparuerint,
1484 5451 1558 5512 quae
1573 5434 1739 5496 minorem
1765 5451 1852 5511 pen-

1049 5538 1176 5599 sionem
1199 5535 1403 5606 contineant,
1430 5533 1519 5596 circa
1541 5532 1668 5608 partem
1688 5531 1785 5593 illam
1811 5531 1852 5592 de

1048 5637 1158 5697 cetero
1172 5634 1299 5696 nullum
1319 5631 1422 5694 robur
1434 5629 1615 5692 obtineant.
