3960 6188
36 56 39 155 l

34 164 38 305 l

34 303 181 379 issi

162 464 326 543 Discipuli
345 464 470 529 Christi
494 468 572 530 sunt
594 482 709 530 omnes
730 468 801 531 veri
824 469 921 530 Chri-

31 606 34 613 ·
119 571 225 635 stiani
247 572 304 650 qui
324 572 431 635 tribus
450 574 555 636 modis
579 576 824 651 cognoscuntur
846 590 920 638 esse

119 669 279 748 discipuli
300 670 433 744 Christi,
451 672 615 745 videlicet,
642 672 676 733 in
698 672 846 735 fraterna
868 671 921 735 di·

118 766 277 840 lectione,
295 766 329 828 in
344 768 454 830 cordis
468 771 721 832 mansuetudine
736 771 769 832 et
782 770 920 832 humili-

118 865 201 938 tate,
219 865 297 942 qiiia
317 866 389 927 sine
408 868 660 930 mansuetudine
680 868 713 930 et
730 868 919 930 humilitate

117 962 235 1023 nullus
248 963 347 1025 homo
361 965 468 1042 potest
482 965 613 1042 placere
628 967 706 1026 Deo.
721 968 786 1027 Per
800 982 920 1042 super-

117 1059 210 1121 biam
231 1060 352 1123 cecidit
368 1046 502 1124 Luciier
520 1062 560 1124 de
579 1062 734 1140 paradiso
753 1062 788 1125 in
810 1079 919 1125 carce·

116 1173 192 1219 rem
208 1159 308 1220 istum
321 1175 456 1220 aereum
469 1182 477 1234 3
488 1176 547 1237 per
561 1157 782 1223 humilitatem
794 1162 918 1223 Paulus

117 1256 237 1333 raptus
253 1256 304 1318 est
317 1258 474 1334 usquead
492 1256 626 1320 tertium
642 1258 779 1334 coelum3
800 1275 920 1337 super-

116 1350 176 1414 bia
198 1353 411 1416 Salomonem
436 1353 633 1431 infatuavit3
660 1355 832 1418 humilitas
854 1360 919 1419 Su-

116 1464 260 1512 sannam
275 1466 295 1511 a
310 1448 394 1512 laiso
402 1451 516 1529 judice
530 1451 700 1528 liberarit3
719 1469 779 1530 per
795 1469 916 1531 super·

114 1545 208 1608 biam
235 1547 420 1625 pharisaeus
439 1549 589 1627 jactabat
612 1548 729 1612 merita
752 1566 828 1626 sua3
858 1568 918 1629 per

114 1641 339 1707 humilitatam
354 1644 525 1709 descendit
542 1648 739 1725 publicanus
752 1648 918 1726 Justitica-

114 1742 171 1802 tus
185 1741 226 1802 ab
241 1741 315 1818 illo;
332 1758 392 1821 per
403 1741 593 1821 superbiam
609 1745 917 1809 Nabuchodonosor

114 1839 266 1900 mutatus
285 1841 336 1902 est
356 1840 390 1900 in
413 1842 590 1919 pecudem;
614 1859 675 1920 per
695 1843 915 1906 humilitatem

114 1935 224 1997 David
238 1937 289 2000 est
304 1937 500 2000 sublimatus
514 1937 680 2018 inlregem.
689 1943 714 2001 0
724 1941 821 2018 pellis
831 1958 916 2002 mor-

109 2033 186 2105 tua,
201 2048 220 2096 o
235 2034 341 2096 lutum
356 2035 467 2113 tigulit
488 2036 580 2098 Unde
596 2035 759 2114 superbis,
774 2038 865 2100 terra
882 2041 916 2102 et

111 2129 220 2191 cinist
232 2134 319 2194 Ecce
330 2132 403 2210 ipse
417 2136 504 2196 Deus
515 2136 591 2196 tuus
602 2136 635 2197 et
648 2135 802 2198 Salvator
810 2137 916 2198 voluit

111 2230 222 2290 erota
245 2230 327 2291 solis
348 2231 549 2294 descendere
568 2233 603 2293 in
623 2232 734 2295 aulam
753 2233 912 2310 Virginis.

76 2344 79 2353 ’
111 2326 224 2397 Quum
240 2326 328 2388 enim
343 2329 466 2389 missus
481 2330 532 2391 est
546 2328 679 2390 Gabriel
696 2329 807 2392 serens
821 2330 916 2393 char·

108 2422 183 2483 tam
198 2423 380 2485 salvatoris
393 2424 428 2485 in
442 2441 554 2499 manu,
567 2426 779 2502 eti'irginem
793 2428 915 2492 saluta·

108 2519 163 2579 vit
178 2518 213 2579 in
224 2520 402 2594 Nazareth,
415 2524 502 2583 Deus
514 2522 670 2597 cinerem,
682 2523 827 2586 Verbum
838 2542 915 2587 car-

109 2631 203 2688 nem,
220 2615 341 2693 figulus
355 2617 471 2693 lutum,
488 2621 611 2682 artifex
625 2638 707 2699 opus
721 2639 828 2691 suum,
845 2626 913 2686 Do-

109 2712 224 2772 minus
245 2728 390 2788 servum,
410 2718 480 2779 vita
499 2719 724 2780 morticinium
743 2718 862 2783 induit.
878 2721 913 2782 Si

109 2823 193 2885 ergo
208 2811 353 2887 seipsum
369 2814 556 2876 exinanivit
570 2813 710 2878 termam
725 2818 816 2879 servi
829 2819 913 2881 acci·

108 2906 219 2983 piens,
244 2908 433 2985 quid'intra
456 2912 628 2973 mortalem
652 2913 772 2990 pellem
797 2914 910 2977 tremis

109 3003 269 3066 conclusa
295 3006 449 3085 salsugo?
473 3010 639 3087 Numquid
665 3010 752 3073 dicet
772 3011 912 3088 tigmen-

107 3100 305 3178 tumtlgulo:
318 3106 405 3171 Ouid
417 3104 912 3190 metecistisictiiom.1x,20)t

107 3201 206 3274 Erpo
221 3205 374 3275 nospsos
388 3217 512 3278 sapere
523 3219 627 3278 essem
642 3206 775 3280 oportet
786 3222 911 3281 sapere

108 3292 296 3373 (lbid.,xn,
310 3295 357 3377 3).
472 3319 476 3327 ·

149 3394 190 3453 In
211 3392 358 3455 fraterna
373 3395 550 3458 dilectione
574 3399 819 3473 cognoscuntur
841 3400 911 3461 dis-

106 3488 213 3565 cipuli
229 3490 362 3562 Christi,
379 3492 457 3568 quia
471 3493 622 3555 Christus
636 3495 803 3572 precipue
816 3496 910 3560 docet

104 3600 171 3647 nos
187 3585 311 3649 habere
332 3587 553 3663 dilectionem,
579 3591 652 3653 sine
672 3608 736 3669 qua
759 3592 843 3655 nihil
860 3596 910 3657 est

105 3682 218 3742 omnis
239 3682 348 3745 homo.
375 3685 469 3745 Unde
491 3686 616 3763 ipsein
640 3688 842 3765 Evangelio:
865 3695 908 3753 In

104 3781 170 3840 doc
190 3781 397 3855 coenoscest
415 3796 533 3845 omnes
556 3786 637 3857 qaid
657 3789 727 3847 niet
749 3789 907 3861 discipidt

106 3876 202 3943 estis,
217 3879 249 3937 st
260 3878 474 3940 ditectionem
495 3881 686 3943 debrierttis
700 3886 906 3945 adinvicem

106 3969 218 4048 (toan.
234 3988 319 4046 1111,
340 3974 419 4054 35);
452 3992 518 4037 nou
549 3977 634 4039 dixit
656 3999 664 4038 ε
685 3979 714 4039 si
742 3981 904 4042 miracula

105 4066 264 4141 feceritis,
291 4071 319 4132 si
343 4073 510 4149 sapientes
541 4073 685 4147 fueritis,
711 4076 739 4137 si
773 4076 903 4151 divites,

106 4164 136 4224 si
162 4166 332 4242 potentes,
359 4168 392 4229 et
418 4169 623 4247 hujusmodi,
652 4172 710 4233 sed
739 4172 768 4233 si
794 4174 903 4236 dilec-

104 4260 230 4323 tionem
267 4262 463 4326 habueritis.
497 4266 592 4327 Unde
627 4267 748 4329 beatus
785 4272 905 4347 erogo

103 4357 177 4418 rius
195 4376 235 4419 :s
261 4361 503 4438 omnipotentis
531 4354 596 4423 Dei'
610 4378 672 4425 nos
703 4380 778 4427 esse
797 4364 901 4428 disci-

107 4454 204 4530 pulos
219 4456 291 4517 sola
306 4457 457 4519 custodia
470 4458 643 4521 charitatis
658 4459 819 4538 probat.»

144 4551 305 4630 Discipuli
320 4554 443 4616 Christi
468 4557 544 4617 sunt
558 4557 658 4618 timor
676 4558 709 4620 et
731 4575 835 4632 amor,
859 4561 904 4622 ti-

103 4662 177 4709 mor
186 4664 292 4725 poenae
307 4650 441 4725 interni,
461 4654 494 4714 et
505 4668 601 4714 amor
614 4653 759 4717 coelestis
771 4657 900 4733 gloriae.

103 4745 264 4823 Discipuli
291 4748 447 4810 dicuntur
470 4765 489 4811 a
516 4751 691 4828 disciplina
710 4753 798 4815 vela
825 4754 899 4816 dis·

593 306 756 372 derivo
778 302 967 370 PASCHAE.
991 310 1119 372 runis
1138 310 1306 375 hunrih.
1711 319 1772 380 88⁸2

975 468 1053 546 quia
1065 467 1184 549 debent
1197 470 1325 533 discere
1336 471 1370 535 et
1384 470 1471 534 scire
1480 487 1555 551 quae
1565 473 1770 539 sitvoluutas

974 566 1045 627 Dei.
1061 568 1233 630 Meditatio
1248 584 1390 647 namque
1404 569 1502 634 debet
1514 570 1641 634 erudiri
1655 573 1690 634 in
1703 589 1771 636 om·

974 662 1072 724 nibus
1083 665 1318 742 operibusbei.
1332 668 1426 729 Unde
1438 669 1561 731 David:
1577 671 1771 734 Meditabar

973 762 1011 820 in
1038 765 1195 824 menibus
1220 768 1381 837 operibus
1409 766 1479 828 tuis
1516 766 1585 845 (Ps.
1619 770 1669 840 76,
1702 766 1767 847 13).

974 858 1076 922 Itemz
1099 861 1294 922 Meditabar
1319 866 1356 922 ie
1388 865 1565 926 mandatis
1596 867 1667 927 tuis
1694 879 1771 939 quoe

973 959 1079 1018 ddeoei
1094 960 1199 1018 nimis
1215 956 1300 1036 (118,
1316 956 1381 1037 47).
1402 961 1516 1022 Oratio
1530 959 1627 1023 debet
1642 962 1770 1023 erudiri

973 1052 1008 1114 ln
1036 1054 1146 1115 cordis
1169 1056 1415 1133 properatione.
1439 1056 1533 1119 Unde
1561 1059 1768 1135 Gregorius:

972 1167 991 1210 s
1006 1150 1163 1228 Quisquis
1177 1153 1333 1215 mandata
1348 1153 1407 1214 Dei
1421 1153 1542 1215 tacitus
1559 1156 1693 1231 cogitat,
1708 1173 1767 1218 se-

972 1250 1063 1310 creto
1077 1248 1127 1309 illi
1142 1252 1229 1311 Deus
1242 1250 1279 1312 in
1291 1250 1506 1314 tabernaculo
1526 1252 1586 1325 est,
1612 1252 1709 1324 idest,
1732 1254 1768 1314 in
1860 1238 1863 1247 ’

973 1345 1082 1407 corde.
1099 1363 1118 1406 s
1135 1347 1229 1408 Unde
1248 1347 1283 1407 in
1303 1348 1556 1411 Ecclesiastico:
1578 1351 1668 1413 Ante
1686 1365 1770 1412 ore-

971 1444 1100 1507 tiosem
1133 1459 1299 1520 praepara
1333 1449 1489 1509 enimam
1519 1448 1616 1510 tuom
1650 1446 1766 1527 (Eccli.

971 1557 1067 1614 xv111,
1082 1541 1148 1621 23).

1012 1639 1095 1710 Quid
1112 1640 1254 1703 estante
1268 1641 1453 1704 orationem
1471 1643 1617 1703 animam
1632 1658 1766 1720 praepa-

971 1752 1058 1810 rere,
1075 1737 1142 1798 nisi
1158 1753 1248 1800 cora
1263 1739 1376 1816 pravis
1396 1741 1429 1801 et
1442 1739 1567 1817 iniqius
1590 1739 1769 1815 cogitatio-

970 1832 1068 1897 nibus
1083 1835 1287 1897 emundaret
1300 1836 1358 1897 isti
1379 1835 1534 1914 discipuli
1552 1839 1629 1897 sunt
1648 1836 1689 1897 ad
1709 1838 1768 1899 Je-

970 1948 1042 1993 sum
1057 1932 1218 2006 mittendi,
1234 1934 1331 2006 idest,
1350 1933 1391 1995 ad
1404 1934 1570 1996 Christum
1587 1933 1764 2009 dirigendi,

970 2031 1006 2092 ut
1019 2031 1134 2092 sancta
1148 2031 1362 2093 meditatione
1377 2046 1434 2092 cor
1447 2032 1596 2094 nostrum
1608 2031 1767 2108 puritlce-

968 2127 1034 2188 tur.
1051 2131 1115 2189 Gor
1128 2128 1324 2206 purificatur
1335 2145 1395 2205 per
1407 2129 1555 2190 sanctam
1577 2127 1768 2190 meditatio-

970 2241 1056 2297 nem,
1073 2226 1205 2302 quando
1220 2225 1319 2288 homo
1335 2226 1513 2289 meditatur
1523 2225 1559 2286 iu
1572 2226 1645 2302 lege
1658 2226 1719 2286 Dei
1732 2225 1766 2287 et

968 2321 1004 2383 in
1024 2323 1177 2384 omnibus
1197 2325 1362 2386 mandatis
1381 2327 1465 2402 ejus,
1487 2324 1524 2387 ut
1544 2322 1663 2386 devota
1687 2338 1767 2384 ora-

968 2419 1059 2481 tione
1084 2422 1295 2498 peccatorum
1323 2423 1512 2484 nostrorum
1535 2421 1635 2483 venia
1658 2420 1765 2498 impe-

966 2518 1085 2579 tretur.
1112 2521 1180 2580 Hos
1208 2519 1388 2596 discipulos
1417 2518 1568 2582 mittebat
1591 2518 1695 2580 David
1722 2517 1764 2579 ad

967 2616 1090 2686 iesum,
1103 2632 1204 2693 quum
1215 2614 1346 2678 dicebat
1358 2638 1365 2676 :
1379 2616 1559 2678 Meditatio
1568 2617 1682 2677 cordis
1692 2616 1765 2675 mei

967 2714 1004 2772 in
1022 2713 1205 2786 conspectu
1224 2714 1282 2776 tuo
1310 2728 1449 2788 semper
1471 2713 1607 2792 (Psalm.
1626 2713 1675 2784 18,
1697 2709 1761 2790 15).

966 2810 1037 2871 nt:
1070 2810 1255 2886 Diripatsr
1288 2815 1333 2873 dd
1366 2812 1416 2883 te,
1456 2814 1613 2883 Dornise,
1649 2810 1762 2871 oratio

969 2920 1049 2968 meo
1078 2908 1169 2969 sicut
1201 2910 1381 2970 incensum
1414 2910 1452 2969 io
1490 2907 1671 2982 conspeetu
1703 2907 1762 2968 too

966 3000 1035 3082 (Ps.
1053 3005 1121 3077 140,
1135 3004 1181 3083 2).
1701 3090 1703 3094 Α

1005 3103 1042 3162 Iu
1058 3103 1167 3163 cordis
1187 3103 1440 3165 mansuetudine
1455 3102 1488 3165 et
1502 3102 1691 3166 humilitate
1704 3117 1763 3162 su-

965 3214 1038 3259 mus
1050 3198 1205 3275 discipuli
1218 3199 1354 3272 Christi,
1368 3200 1457 3276 quia,
1474 3200 1504 3261 si
1514 3199 1675 3260 hierimus
1692 3198 1759 3259 mi·

964 3295 1014 3357 tes
1031 3296 1064 3358 et
1081 3296 1224 3357 humiles
1239 3298 1350 3370 corde,
1373 3297 1524 3359 Christus
1547 3294 1679 3358 docebit
1699 3312 1760 3358 nos

964 3408 1095 3454 omnem
1119 3394 1293 3456 veritatem
1317 3410 1377 3472 per
1405 3393 1565 3471 Spiritum
1590 3394 1759 3456 Sanctum.

965 3490 1059 3552 Unde
1073 3490 1108 3551 in
1121 3491 1323 3568 Evangelio:
1339 3492 1467 3554 Discite
1479 3506 1502 3552 a
1516 3507 1572 3554 me
1589 3495 1671 3566 qesta
1692 3495 1762 3554 mi-

964 3588 1010 3649 tis
1033 3603 1112 3650 sem
1133 3589 1168 3651 et
1187 3592 1327 3652 hamdis
1351 3592 1453 3651 corde
1469 3588 1601 3669 (Matth.
1622 3604 1669 3662 ιε,
1692 3587 1758 3667 29).

963 3684 1054 3745 Mitis
1067 3687 1117 3747 est
1131 3685 1267 3762 quinon
1282 3687 1502 3764 exasperatur
1515 3686 1556 3747 ad
1570 3687 1673 3760 iram3
1690 3686 1759 3746 hu-

962 3781 1052 3841 milis
1079 3783 1131 3843 est
1155 3782 1213 3859 qui
1237 3799 1303 3845 non
1325 3783 1451 3860 appetit
1471 3784 1630 3845 honorem
1659 3782 1759 3859 hujus
1889 3853 1893 3859 ,

961 3879 1087 3950 mundi,
1102 3895 1162 3956 pro
1178 3894 1238 3941 sua
1251 3880 1456 3942 extollentia.
1474 3883 1511 3941 In
1525 3880 1758 3957 temporalium

960 3975 1060 4037 etiam
1081 3992 1194 4037 rerum
1209 3976 1506 4039 abrenuntiatione
1523 3990 1637 4037 sumus
1655 3976 1760 4038 disci-

960 4073 1029 4149 puli
1044 4073 1179 4145 Christi,
1194 4073 1283 4150 quia,
1295 4072 1372 4133 dum
1385 4089 1451 4134 non
1464 4089 1614 4134 amamus
1623 4072 1757 4134 terrem

959 4185 1117 4246 perverso
1149 4183 1273 4242 amore,
1308 4170 1365 4230 sed
1394 4169 1563 4246 diligimus
1595 4169 1755 4242 coelestia,

959 4266 1109 4327 Christus
1121 4266 1290 4327 illuminat
1307 4266 1408 4328 corda
1426 4268 1553 4338 nostra,
1570 4269 1606 4329 ut
1619 4281 1756 4343 quaera-

958 4378 1086 4423 musea
1111 4379 1184 4440 quae
1207 4378 1338 4423 sursum
1360 4362 1447 4424 sunt.
1472 4363 1566 4423 Unde
1589 4363 1627 4447 in
1646 4365 1758 4423 Evau-

958 4460 1066 4536 geli0:
1085 4461 1203 4522 Omnis
1223 4474 1270 4521 ese
1289 4462 1383 4521 vodis
1401 4463 1459 4533 psi
1490 4474 1559 4520 oon
1576 4460 1758 4521 renuntiat

957 4559 1114 4618 omnibus
1138 4572 1216 4630 esce
1235 4557 1399 4629 possidet,
1428 4571 1497 4617 aon
1522 4557 1635 4631 potest
1657 4571 1757 4620 oscus

957 4666 1032 4716 esse
1041 4656 1226 4727 discipsdes
1240 4652 1336 4730 (Luc.
1351 4669 1423 4722 xiv,
1437 4651 1503 4731 33).

997 4749 1130 4812 Duobus
1143 4742 1249 4812 modis
1263 4752 1495 4812 renuntiamus
1511 4751 1664 4813 omnibus
1679 4770 1753 4831 quae

103 4844 220 4917 sendo,
234 4845 311 4921 qnia
325 4845 444 4908 timere
460 4847 582 4908 malum
597 4849 631 4910 et
640 4848 756 4925 {iacere
779 4852 901 4914 bonum
956 4849 1173 4926 possidemus
1187 4847 1354 4920 videlicet,
1362 4848 1461 4910 corde
1469 4850 1502 4910 et
1510 4865 1619 4926 opere.
1632 4853 1752 4925 Corde,

104 4941 264 5017 sapientis
284 4942 317 5003 et
335 4942 539 5020 disciplinati
558 4945 619 5018 est,
635 4946 712 5023 quia
729 4948 818 5010 aliud
841 4966 902 5027 pa·
956 4946 1088 5024 quando
1119 4962 1186 5007 non
1218 4946 1390 5008 elevamur
1422 4962 1482 5023 pro
1517 4947 1654 5021 divitiis,
1691 4965 1753 5011 neo

103 5039 155 5099 rat
179 5039 290 5111 timor,
316 5041 349 5102 et
377 5040 467 5101 aliud
496 5043 649 5119 expectat
678 5060 782 5107 amor.
814 5047 900 5109 Nam
955 5042 1057 5105 multa
1076 5042 1300 5106 sollicitudine
1319 5059 1501 5120 gravamur
1527 5061 1588 5123 pro
1608 5046 1752 5107 terrenis

102 5149 197 5197 amor
215 5136 312 5198 dicit:
338 5140 447 5200 Credo
461 5140 581 5201 videre
600 5143 841 5205 bonohomini
863 5150 900 5207 in
954 5140 1146 5203 commodis.
1159 5140 1252 5203 Unde
1264 5142 1368 5203 David
1379 5163 1387 5202 ε
1399 5144 1539 5204 Divitiae
1549 5146 1581 5204 si
1591 5144 1750 5216 emicent,

104 5232 201 5295 terro
215 5236 408 5298 vicentiam
422 5233 492 5314 (Ps.
508 5238 559 5310 26,
578 5236 643 5316 13).
659 5239 775 5301 Timor
792 5242 896 5304 dicit:
953 5240 1056 5301 notite
1073 5242 1329 5315 cor'oppooere
1355 5239 1425 5317 (Ρε.
1454 5240 1505 5311 61,
1528 5238 1596 5316 11).
1629 5242 1750 5313 Opere,

102 5331 176 5392 Non
206 5330 325 5393 ridebo
347 5333 523 5394 Dominum
551 5338 655 5396 Deum
676 5335 712 5397 in
735 5336 824 5399 terra
844 5341 897 5401 vi-
953 5336 1331 5414 quandodispensamus
1349 5337 1406 5398 illa
1425 5335 1639 5412 pauperibus.
1657 5337 1751 5399 Unde

101 5426 260 5491 rentium.
952 5434 1111 5495 Dominus
1135 5433 1169 5493 in
1185 5433 1387 5510 Evangelio:
1419 5433 1567 5504 Vendite,
1584 5448 1661 5506 duce
1675 5449 1753 5508 pos·

121 5527 222 5588 item
238 5526 391 5605 discipuli
406 5527 531 5590 Christi
546 5530 624 5591 sunt
647 5532 762 5594 sancta
786 5535 896 5596 medi·
950 5531 1081 5603 sidetis,
1095 5531 1128 5592 et
1140 5532 1219 5593 dete
1233 5536 1484 5604 eleemospoom
1500 5526 1594 5605 (Luc.
1610 5531 1748 5611 x11,33).

101 5621 181 5686 tatio
194 5624 229 5686 et
242 5623 360 5687 devota
375 5625 494 5688 oratio.
514 5627 553 5689 Iit
566 5627 723 5691 dicuutur
740 5630 894 5711 discipuli
951 5629 1020 5690 Nos
1035 5627 1193 5690 debemus
1207 5626 1402 5689 renuntiare
1417 5625 1572 5688 omnibus
1587 5644 1660 5706 quae
1676 5645 1749 5707 pos·
