3996 6196
113 211 154 270 at
778 212 887 272 enno
910 214 1124 277 ROMANUS.

114 390 331 469 palafredum
351 392 509 463 ascendit,
534 390 566 452 et
586 392 763 469 equitando
786 394 920 467 incedit,

115 490 388 567 praecedentibus
407 492 442 551 in
464 490 579 552 ordine
606 506 666 552 suo
695 490 919 565 bandulariiS,

115 588 395 667 archiepiscopis
410 590 584 667 episcopis,
595 590 820 652 cardinalibus
828 607 923 669 pres-

117 687 256 765 biteris,
294 687 479 762 abbatibus
519 688 740 762 subdiaconis
773 690 922 752 diaconis

118 785 362 859 cardinalibus
393 786 427 849 et
453 786 729 865 subsequentibus
752 788 919 867 praefecte,

118 884 266 962 aliisque
293 884 460 947 nobilibus
489 889 725 959 Romanorum,
755 887 921 965 usquead

118 983 280 1044 Sanctam
289 984 432 1046 Mariam
442 987 613 1063 Majorem,
624 986 709 1049 sicut
724 986 756 1048 et
768 986 922 1065 superius

117 1083 153 1142 in
164 1081 252 1143 festo
267 1083 376 1144 sancti
391 1083 550 1160 Stephani
564 1085 751 1147 enarratur.
765 1087 846 1146 Cum
860 1101 924 1146 au-

118 1180 182 1241 tem
191 1181 474 1257 perMerulanam
483 1178 530 1262 (1)
544 1182 725 1255 transierit,
740 1184 923 1245 scrinarius

118 1280 153 1338 in
178 1279 255 1340 loco
282 1280 467 1358 antiquitus
491 1282 669 1344 constituto
692 1283 725 1343 ci
746 1282 867 1354 obviat,
891 1283 924 1345 et

118 1377 185 1438 alta
211 1394 298 1440 voce
328 1378 419 1451 dicit,
445 1381 533 1441 lube
557 1383 680 1443 domne
713 1384 920 1443 benedicere.

119 1474 281 1536 Pontifex
293 1475 461 1537 benedicit
475 1492 562 1548 eum,
579 1477 614 1539 et
627 1477 809 1539 scrinarius
825 1477 921 1540 dicit:

119 1575 162 1632 In
174 1576 322 1635 ecetesta
335 1574 442 1635 beatae
460 1576 587 1636 Martae
606 1578 643 1636 tn
658 1576 830 1638 66666616
843 1579 925 1651 1166-

121 1670 223 1731 tizati
231 1672 315 1732 sunt
328 1671 377 1733 tot
383 1675 490 1747 pttcrt
502 1675 656 1745 inescati,
666 1674 700 1734 et
713 1674 762 1735 tot
772 1676 922 1748 scrutum.

120 1767 282 1831 Pontifex
299 1770 486 1847 respondet,
506 1774 578 1834 Deo
595 1772 741 1848 gratias.
759 1773 849 1832 Tunc
862 1787 926 1832 au-

121 1869 187 1927 tem
211 1867 399 1929 scrinarius
426 1869 565 1947 suscipit
603 1885 623 1929 a
649 1870 834 1932 camerario
863 1886 924 1947 pro

121 1963 335 2028 nuntiatione
363 1983 465 2028 unum
487 1966 739 2030 marabotinum.
765 1968 925 2030 Similiter

47 2131 49 2135 ,
121 2062 158 2123 nt
177 2063 269 2139 apud
284 2066 441 2127 Sanctum
461 2066 595 2128 Petrum
613 2066 649 2127 in
668 2066 813 2129 secunda
827 2065 922 2127 feria.

122 2163 346 2226 Pem'eniente
365 2166 476 2226 autem
502 2165 662 2226 Pontifice
686 2181 761 2227 cum
787 2181 925 2242 proces-

122 2259 216 2321 sione
239 2261 284 2322 ad
308 2264 472 2339 porticum
497 2264 626 2325 Sanctae
641 2263 769 2335 Mariae,
784 2263 926 2324 descen-

121 2356 168 2418 dit
186 2358 231 2419 ad
254 2360 389 2421 Petram
409 2359 571 2438 papalem,
595 2361 631 2421 in
645 2359 720 2420 loco
746 2358 928 2434 antiquitus

1733 224 1783 285 5ᾶῖ

976 397 1074 469 narii,
1097 398 1278 469 senatores
1299 399 1508 474 majorentes
1532 401 1589 477 qui
1611 405 1772 466 vocantur

977 494 1090 556 schola
1111 495 1288 569 stimulati,
1309 512 1348 558 ac
1367 497 1469 558 ceteri
1487 497 1565 560 laici
1583 504 1727 577 majores
1739 504 1772 564 et

976 592 1132 664 minores,
1147 593 1310 655 inordina
1324 611 1384 657 suo
1400 596 1440 658 ad
1453 612 1567 673 pacem
1587 599 1773 675 suscipien-

976 689 1062 751 dam.
1084 692 1296 754 Postmodum
1310 710 1388 756 vero
1409 696 1548 772 surgunt
1561 696 1626 758 duo
1643 697 1774 759 subdia-

977 789 1052 850 coni
1066 788 1261 863 basilicarii,
1276 792 1309 853 et
1322 794 1522 869 accipientes
1534 796 1679 873 priorem
1694 795 1774 857 sub-

977 886 1152 949 diaconum
1167 888 1393 964 regionarium
1403 889 1462 971 (l),
1486 909 1546 969 per
1567 910 1684 955 manus
1697 910 1772 956 eum

977 985 1154 1048 adextrant
1172 986 1213 1047 ab
1232 987 1371 1050 introitu
1404 991 1575 1050 secretarii
1605 1009 1709 1070 usque
1732 993 1774 1054 ad

977 1084 1121 1145 medium
1136 1085 1224 1157 atrii,
1239 1086 1315 1147 ante
1328 1087 1533 1162 Pontificem3
1547 1090 1604 1165 qui
1619 1089 1775 1152 altaume

977 1182 1081 1244 dicit:
1097 1185 1184 1245 Jube
1202 1187 1325 1246 donzne
1344 1188 1551 1259 benedicere,
1571 1185 1676 1247 tribus
1690 1189 1776 1250 vici-

977 1280 1055 1353 bus;
1069 1282 1102 1343 et
1115 1281 1214 1344 tertio
1233 1281 1461 1345 benedictione
1475 1284 1628 1361 suscepta
1647 1300 1666 1346 a
1686 1288 1777 1347 Pon-

978 1379 1078 1451 tifice,
1095 1379 1267 1457 subjungit
1281 1384 1546 1444 :Serotbomtnt
1556 1383 1669 1444 nostri
1679 1386 1777 1445 Jecu-

980 1479 1119 1550 Cbrtstt‚
1145 1477 1251 1538 tribus
1274 1478 1418 1554 uicibus3
1442 1480 1476 1542 et
1489 1479 1570 1542 dicit
1587 1484 1777 1543 >Dominus

979 1578 1243 1638 archidiaconus
1254 1577 1346 1653 tepet
1360 1581 1588 1653 euangelium,
1601 1583 1779 1642 subdiaco-

979 1688 1045 1734 nus
1059 1674 1150 1750 tegat
1169 1674 1358 1747 epistolum,
1379 1678 1604 1750 princtccrtus
1625 1677 1778 1739 etcetert

978 1771 1298 1833 cantorescantent.

1017 1871 1067 1928 34.
1079 1868 1228 1931 Hiscere
1244 1870 1426 1947 completis,
1443 1873 1550 1948 surgit
1571 1871 1734 1944 Pontifex,
1745 1874 1778 1933 et

979 1967 1147 2043 resumpta
1159 1967 1302 2045 planeta,
1315 1967 1416 2046 pallio
1429 1968 1778 2048 etmitra,'processi0-

979 2064 1102 2127 naliter
1112 2065 1203 2127 radit
1215 2066 1256 2127 ad
1269 2066 1385 2139 altare,
1405 2068 1438 2129 et
1458 2068 1575 2145 incipit
1589 2069 1725 2129 missam
1737 2067 1777 2129 de

980 2179 1084 2224 more.
1101 2164 1180 2225 Post
1192 2164 1375 2225 orationem
1387 2179 1479 2236 uero,
1493 2166 1672 2242 antequam
1686 2165 1780 2241 lega-

981 2261 1037 2322 tur
1057 2259 1208 2337 epistola,
1228 2260 1398 2321 descendit
1419 2261 1675 2323 archidiaconus
1703 2279 1779 2324 cum

983 2356 1124 2420 diacono
1147 2356 1180 2419 et
1202 2356 1415 2430 subdiacono,
1447 2357 1480 2421 et
1511 2359 1661 2422 ordinate
1691 2359 1780 2423 stant

122 2455 308 2518 constituto
325 2479 332 2517 :
349 2457 383 2517 et
396 2458 546 2533 deposito
565 2471 669 2532 regno
688 2456 821 2517 ducitur
837 2471 857 2516 a
872 2458 930 2532 ju·
978 2456 1077 2533 juxta
1096 2455 1201 2516 altare
1220 2456 1255 2515 in
1274 2454 1402 2525 duobus
1422 2455 1498 2529 tilis,
1514 2457 1686 2518 scrinariis
1698 2474 1778 2520 vero

121 2552 258 2613 dicibus
280 2554 323 2613 ad
345 2553 521 2614 ecclesiam
545 2575 552 2613 ε
574 2552 607 2615 61
627 2553 781 2631 suscepta
800 2568 929 2630 proces·

121 2650 220 2711 sione
242 2666 266 2711 a
285 2650 456 2712 canonicis
473 2651 579 2729 ipsius
603 2651 764 2721 ecclesiae,
785 2651 819 2712 et
841 2649 928 2711 facta

121 2747 373 2818 benedictione,
389 2747 478 2808 radit
494 2747 536 2807 ad
548 2747 779 2821 secretarium
789 2763 929 2810 exuens·

124 2862 186 2921 que
219 2843 363 2921 pallium
395 2844 428 2906 et
448 2844 630 2922 planetam,
658 2845 766 2922 posito
788 2846 927 2924 pluviali

125 2959 225 3020 super
238 2943 398 3004 humeros
417 2942 536 3020 incipit
553 2943 708 3005 Tertiam.
726 2944 835 3006 Finita
847 2960 926 3006 vero

126 3043 247 3114 Tertia,
279 3041 373 3118 prior
399 3042 640 3119 episcoporum,
669 3042 726 3121 qui
747 3044 779 3104 ei
801 3044 927 3104 seruire

127 3139 219 3201 debet
239 3139 278 3199 in
297 3139 410 3212 missa,
435 3140 567 3202 ducitur
588 3143 665 3203 ante
694 3140 888 3204 Pontificem
907 3157 927 3202 a

129 3238 253 3299 duobus
277 3238 441 3316 episcopis
456 3261 463 3299 :
478 3239 511 3301 et
530 3237 628 3302 tertio
648 3240 813 3317 postulata
826 3239 929 3301 bene·

129 3335 284 3409 dictione,
314 3336 443 3399 accedit
467 3336 509 3398 ad
537 3352 653 3415 pacem
684 3337 866 3410 Pontificis,
896 3337 930 3397 et

131 3450 266 3510 surgens
282 3434 375 3512 ponit
389 3451 424 3496 se
440 3435 477 3496 in
490 3435 606 3496 ordine
619 3437 661 3498 ad
674 3435 827 3497 dextrum
841 3434 929 3495 latus

130 3533 212 3608 ejus.
226 3532 354 3594 Deinde
372 3533 537 3594 secundus
554 3534 729 3610 episcopus
749 3531 930 3595 acceditad

132 3645 243 3704 pacem
279 3631 462 3702 Pontificis,
499 3632 531 3693 et
573 3631 748 3708 porrigens
780 3629 929 3692 osculum

133 3728 232 3803 priori
251 3745 326 3802 suo,
351 3730 417 3791 stat
435 3727 470 3789 in
484 3728 540 3791 illo
560 3728 602 3790 ab
614 3729 683 3791 alio
704 3729 808 3791 latere
821 3729 931 3791 Ponti·

135 3822 213 3885 ficis.
227 3826 338 3888 Ceteri
354 3840 436 3889 vero
452 3826 601 3904 episcopi
619 3826 774 3889 similiter
792 3826 928 3899 faciunt,

134 3924 319 3986 accedendo
337 3924 379 3986 ad
398 3940 514 4002 pacem
533 3924 716 3998 Pontificis,
735 3924 930 4002 etponendo

137 4036 169 4080 se
177 4021 211 4083 in
222 4023 532 4101 flio.Priorquoque
544 4023 812 4101 presbyterorum
821 4022 933 4085 cardi-

137 4118 256 4182 nalium
287 4121 404 4184 ductus
429 4124 505 4184 ante
532 4122 725 4185 Pontificem
752 4138 772 4183 a
804 4121 932 4184 duobus

139 4218 345 4296 presbyteris,
355 4221 389 4282 et
398 4220 496 4282 tertio
511 4220 676 4297 postulata
689 4219 930 4294 benedictione,

141 4317 259 4380 accedit
272 4318 314 4379 ad
326 4333 442 4395 pacem
456 4318 626 4379 Pontificis
639 4317 671 4379 et
690 4320 930 4397 episcoporum,

983 2553 1145 2615 stantibus
1170 2568 1244 2613 cum
1267 2553 1470 2630 pluvialibus
1485 2577 1492 2615 ι
1506 2555 1540 2617 61
1563 2555 1643 2618 tunc
1667 2556 1780 2618 archi-

982 2650 1141 2712 diaconus
1167 2667 1243 2712 cum
1271 2650 1411 2713 diacono
1446 2653 1479 2714 et
1508 2652 1722 2727 subdiacono,
1747 2654 1780 2717 et

981 2748 1058 2808 aliis
1080 2747 1262 2819 ordinibus,
1285 2748 1403 2825 incipit
1423 2749 1538 2810 laudes
1554 2750 1621 2812 alta
1640 2767 1733 2826 voce,
1748 2753 1780 2814 et

982 2846 1041 2908 alii
1053 2846 1262 2923 respondent,
1284 2846 1370 2908 sicut
1388 2849 1541 2925 superius
1554 2849 1713 2927 scriptum
1730 2850 1781 2912 est

981 2945 1016 3006 in
1030 2945 1113 3006 sesto
1131 2942 1221 3006 beati
1242 2945 1412 3023 Stephani.
1436 2946 1555 3008 Finitis
1574 2963 1656 3010 vero
1668 2947 1780 3009 laudi-

981 3042 1054 3115 bus,
1068 3042 1190 3119 legitur
1204 3042 1308 3105 latina
1323 3044 1462 3121 epistola
1474 3045 1578 3123 prius,
1596 3043 1629 3106 et
1640 3046 1782 3122 postmo-

983 3142 1060 3202 dum
1072 3156 1200 3217 graeca;
1217 3142 1250 3203 et
1261 3141 1471 3218 evangelium
1488 3142 1630 3204 latinum
1647 3144 1679 3204 et
1690 3160 1781 3221 grae-

983 3255 1069 3300 cum.
1084 3241 1122 3299 ln
1135 3239 1262 3299 secreta
1280 3254 1372 3311 vero,
1394 3255 1468 3300 cum
1488 3239 1639 3315 praefatio
1651 3240 1779 3315 incipit,

983 3335 1187 3396 descendunt
1199 3335 1264 3395 duo
1276 3335 1409 3395 diaconi
1422 3351 1497 3396 cum
1511 3334 1639 3394 duobus
1651 3335 1782 3397 subdia·

985 3432 1077 3495 conis
1090 3432 1255 3503 deorsum,
1270 3431 1304 3492 et
1315 3430 1402 3492 stant
1418 3431 1454 3491 in
1473 3429 1581 3493 fronte
1597 3431 1713 3499 altaris
1726 3448 1783 3495 or-

985 3530 1125 3591 dinatim
1144 3544 1219 3589 cum
1234 3528 1384 3602 silentiu·
1398 3529 1530 3607 quando
1543 3530 1653 3591 autem
1666 3532 1783 3593 Ponti-

984 3628 1041 3692 lex
1053 3627 1142 3699 dicit,
1151 3630 1380 3689 Pambotntnt
1388 3628 1435 3689 stt
1446 3643 1585 3704 semper
1596 3632 1780 3703 vobiscum,

985 3726 1097 3788 nullus
1121 3725 1152 3787 ei
1175 3725 1366 3802 respondem
1399 3726 1433 3788 et
1461 3727 1540 3789 tunc
1566 3727 1726 3790 diaconus
1750 3729 1783 3792 et

986 3824 1208 3886 subdiaconus
1221 3824 1433 3887 revertuntur
1445 3825 1609 3902 superius.

1025 3924 1076 3985 35.
1092 3921 1203 3983 Finita
1215 3937 1306 3995 vere,
1320 3922 1421 3984 missa
1435 3924 1623 3995 coronatur,
1633 3925 1783 4001 reditque

987 4020 1327 4098 eumprocessionead
1335 4020 1507 4098 palatium,
1517 4022 1604 4083 sicut
1613 4023 1787 4098 supradic-

986 4122 1058 4181 tum
1073 4120 1133 4190 est,
1141 4119 1176 4179 in
1192 4118 1472 4195 supradictofesto
1485 4120 1592 4180 sancti
1602 4119 1761 4197 Stephani
1776 4140 1784 4179 ε

988 4218 1021 4279 et
1037 4217 1183 4294 acceptis
1198 4216 1352 4277 laudibus
1365 4232 1385 4277 a
1396 4216 1565 4278 cardinale
1576 4218 1688 4278 Sancti
1703 4219 1786 4277 Lau·

987 4315 1099 4386 rentii,
1117 4313 1248 4375 ducitur
1262 4330 1282 4374 a
1297 4315 1489 4391 primicerIo
1510 4315 1543 4376 et
1557 4314 1786 4375 secundicerio

141 4414 174 4473 et
195 4412 307 4491 dirigit
329 4431 365 4478 se
389 4415 425 4476 in
454 4416 521 4477 iilo.
550 4415 802 4492 subsequuntur
832 4418 933 4479 ceteri
984 4412 1155 4492 judicibus
1168 4427 1243 4471 cum
1256 4411 1355 4472 mitra
1370 4411 1405 4470 in
1420 4410 1692 4485 basilicamagna
1707 4413 1786 4470 Leo·

145 4509 319 4589 presbyteri
342 4512 547 4587 cardinales3
579 4512 754 4587 praefectus
791 4529 932 4591 quoque,

142 4606 272 4684 judices,
294 4610 444 4689 praefecti
462 4608 645 4683 navalium,
669 4609 832 4684 advocati,
851 4610 936 4671 scri-

182 4758 219 4833 (l)
238 4764 276 4820 La
303 4762 350 4821 via
368 4761 516 4823 Merulam
539 4761 654 4819 canduit
683 4776 718 4819 66
742 4762 821 4893 11ῗ166
844 4761 935 4820 droite

145 4827 260 4890 desaint
270 4836 341 4892 Jean
356 4832 540 4893 delatrent
556 4835 652 4890 Salute
662 4834 752 4891 Maria
791 4834 898 4907 ajeure.

179 4903 216 4975 (2)
232 4907 271 4962 Le
283 4905 403 4964 nombre
417 4904 469 4962 des
483 4905 605 4971 diceres,
617 4919 690 4988 pour
720 4906 815 4962 suivre
830 4906 936 4978 l'esprit

148 4970 179 5029 de
188 4974 359 5033 l’institution
370 4976 556 5050 apostolique,
568 4973 637 5032 etan
647 4974 936 5034 tresancienucment

147 5041 197 5102 nie
214 5045 228 5104 a
243 5056 306 5120 sept
319 5047 392 5106 daus
406 5049 432 5105 lu
447 5047 494 5119 plu
516 5053 559 5103 art
575 5045 626 5104 des
637 5037 752 5130 Egliscs
770 5046 805 5104 de
820 5048 936 5106 l’Orieat

150 5114 219 5174 etde
236 5118 399 5177 l’Occident.
421 5064 550 5202 L'ldgfise
572 5118 711 5176 Romame
725 5120 853 5200 euanuit
873 5127 936 5202 sept

151 5197 182 5241 au
194 5195 283 5262 temps
297 5189 332 5246 dc
346 5192 374 5249 S.
394 5191 544 5258 Cornerllc,
559 5202 595 5245 66
606 5190 669 5259 251,
684 5188 797 5260 d'aprcs
811 5190 934 5260 Eusebe,

150 5255 215 5315 llist.
232 5262 295 5317 eccl.
317 5264 366 5331 Vl,
387 5262 430 5320 la.
449 5260 598 5320 Prudence
620 5274 770 5331 remarque
792 5260 819 5316 la
842 5263 936 5317 meme

151 5325 935 5406 chosepmlantdutempsdeS.Laurent.PcriStcpltll.

152 5397 187 5482 ¹⁴⁰.
197 5404 302 5460 concile
314 5403 349 5460 de
363 5403 542 5462 Neoctsarte
555 5402 684 5461 ordonna
699 5402 766 5475 qu'il
780 5402 828 5475 n'y
838 5417 874 5458 en
890 5417 937 5460 au·

153 5473 937 5616 tttctttutttntatttinluminante

988 4512 1090 4572 niana
1107 4507 1163 4587 (c),
1182 4523 1255 4584 quaa
1270 4507 1393 4566 dicitur
1407 4508 1490 4565 Casa
1505 4508 1622 4583 Major,
1637 4505 1694 4565 ubi
1709 4505 1786 4567 sunt

989 4605 1177 4686 praeparata
1192 4603 1346 4664 undecim
1362 4618 1496 4664 scamna
1520 4603 1609 4664 circa
1638 4619 1785 4666 mensam

990 4762 1019 4820 S.
1034 4758 1184 4828 dornella,
1202 4754 1277 4830 apud
1296 4753 1403 4825 Euseb,
1420 4755 1470 4812 loc.
1487 4756 1545 4826 cit,
1566 4753 1702 4814 enumera
1723 4765 1788 4831 sept

990 4830 1180 4891 sous-diecret
1187 4828 1259 4886 dans
1267 4828 1293 4884 16
1304 4828 1456 4901 catalogue
1465 4826 1516 4885 des
1524 4828 1613 4886 clercs
1623 4828 1659 4885 de
1669 4818 1786 4913 ingnio

990 4903 1139 4963 Romaiue.
1156 4902 1256 4958 Gruter
1271 4899 1366 4956 donne
1380 4897 1431 4955 des
1446 4900 1627 4972 inscriptions
1642 4908 1784 4958 mention·

990 4969 1506 5033 66611666666-1166666.1161666166
1526 4978 1658 5043 rapporte
1679 4968 1787 5044 lepita-

990 5047 1046 5120 phe
1065 5043 1100 5101 de
1116 5044 1221 5112 Plena,
1234 5041 1408 5099 sousdiacre
1423 5039 1458 5098 de
1473 5041 1499 5098 la
1513 5040 1670 5113 mintrieme
1685 5041 1715 5099 rt
1738 5043 1786 5098 ion
1824 5050 1827 5055 ’

990 5120 1026 5177 de
1043 5107 1158 5190 l’ljglise
1174 5113 1327 5183 Pomaine3
1347 5113 1386 5169 M.
1402 5110 1438 5169 de
1453 5114 1546 5181 Rossi,
1562 5114 1633 5170 celle
1654 5112 1689 5194 de
1739 5127 1783 5169 ar·

990 5189 1088 5258 cetlus,
1102 5183 1276 5243 sousdiacre
1288 5183 1324 5240 dc
1339 5183 1366 5239 la
1382 5180 1516 5254 slxiemc3
1537 5182 1701 5263 zaccharia,¹
1715 5183 1786 5239 colle

991 5263 1028 5319 du
1053 5255 1228 5316 sous-diacre
1254 5254 1421 5324 sanctulus,
1441 5262 1496 5311 etc.
1522 5254 1576 5336 bes
1596 5251 1785 5309 sous-diacres

991 5332 1096 5391 etaient
1111 5328 1185 5385 donc
1195 5324 1323 5384 attacbts
1333 5323 1349 5383 it
1361 5326 1437 5383 l'une
1447 5324 1498 5382 das
1511 5338 1626 5394 regions
1638 5322 1673 5379 (16
1684 5323 1785 5391 Rome,

991 5417 1104 5463 comme
1116 5399 1158 5457 les
1172 5398 1283 5454 diceres
1297 5398 1483 5454 eux-memes.

1027 5474 1078 5547 (2).
1099 5475 1140 5530 lic
1159 5469 1274 5527 basilica
1291 5468 1446 5533 Lconiana,
1460 5462 1518 5521 vid.
1533 5463 1624 5533 infra,
1639 5475 1668 5518 6.
1682 5462 1726 5532 38,
1737 5462 1786 5522 ubi

990 5547 1055 5603 sita.
